2514 4096
445 349 632 410 LECTORI
648 347 678 407 S.
996 344 1039 402 vii

84 611 244 670 Etonensis
252 611 415 689 Praeposito
424 633 434 688 3
448 611 521 691 quid
532 612 731 672 eruditissimo
742 610 898 670 Francisoo
907 611 1036 688 Wrong-

84 715 163 789 hem,
178 717 259 775 inter
267 717 424 795 Brigantes
432 717 665 776 Archidioeono:
680 715 753 794 quid
761 715 873 774 Beroni
881 714 1038 791 Lyttelton

85 829 233 899 quantum
246 824 353 897 titulis,
369 831 488 883 tentum
502 825 621 902 ingenio
635 829 666 883 et
681 823 816 882 doctrine
831 822 944 894 nobili,
965 820 1038 900 quid

86 928 213 1006 denique
234 931 411 989 amicissimo
433 951 499 989 meo
522 930 655 989 Henrieo
678 929 812 988 Johenni
839 929 1000 1007 Hodgson,
1021 950 1038 988 e

82 1035 214 1114 Oollegio
236 1037 287 1096 SS.
310 1039 469 1098 Trinitatis
490 1040 575 1112 sorio,
599 1044 630 1097 et
651 1038 689 1097 ab
713 1057 769 1097 ovo
790 1056 884 1116 usque
896 1037 943 1096 ‘nd
958 1037 1038 1095 mele
1109 1056 1112 1065 ·

81 1154 204 1209 &renuo
218 1170 279 1228 pree
293 1152 430 1211 omnibus
442 1152 622 1213 auxiliatori

143 1255 292 1334 Superest,
307 1263 343 1316 ut
359 1277 460 1336 paoem
480 1265 565 1317 tuem
584 1259 750 1337 impetrem,
771 1259 865 1318 lector
884 1260 1035 1332 benevole,

83 1362 244 1421 sifortesse
257 1363 392 1441 quaedem
408 1365 555 1439 mendose,
573 1366 708 1444 quaedem
728 1365 934 1443 negligentius,
956 1365 1038 1425 inter

83 1467 137 1526 hes
150 1487 251 1546 nugas,
266 1469 348 1546 prelo
362 1471 515 1530 commisso
529 1472 665 1531 offendes.
705 1470 843 1548 Cujusvis
854 1477 898 1530 est
907 1471 1037 1530 hominis

82 1592 200 1632 errore:
221 1574 296 1652 quin
311 1581 342 1634 et
358 1581 460 1634 noster
479 1576 660 1636 Vincentius
680 1577 810 1651 Bourne,
832 1576 1038 1636 ornatissimus

82 1678 134 1738 ille
155 1664 285 1740 Remeni
304 1682 444 1740 oerminis
467 1682 583 1756 artifex,
610 1683 674 1760 ipse
696 1683 854 1761 aliquoties
875 1690 985 1762 petest,
1006 1687 1037 1742 et

81 1803 184 1842 versus
198 1785 391 1863 incomposito
404 1786 478 1865 pede
492 1792 644 1846 currentes
657 1789 780 1865 potitur.
824 1787 917 1865 Spero
933 1792 1035 1846 eutem

84 1895 115 1950 te
128 1890 244 1950 feeilim
256 1892 331 1950 mihi
345 1893 625 1971 obtemperaturum,
641 1894 667 1952 si
683 1893 874 1966 intellexeris,
893 1893 1037 1952 editorem

82 2004 179 2073 tuum,
193 2019 290 2078 neque
304 1999 383 2058 inter
398 2000 488 2059 silves
503 2000 657 2072 Aoedemi,
680 2020 777 2078 neque
796 2004 918 2078 propter
938 2018 1036 2057 susur-

83 2114 184 2166 rantes
197 2107 278 2167 Ilissi
291 2111 377 2187 ripes‚
393 2111 444 2168 sed
458 2110 490 2167 in
504 2129 574 2168 rure
590 2111 720 2183 reducto,
742 2109 844 2187 proeul
865 2109 903 2168 eb
924 2108 1034 2181 amieis,

83 2215 186 2292 procul
199 2236 218 2273 e
230 2215 322 2286 libris,
336 2217 438 2294 preoul
452 2237 470 2274 e
483 2218 721 2276 doctissimorum
735 2217 887 2303 colloquio,
899 2217 995 2275 solum
1006 2221 1037 2273 et

83 2320 209 2378 teritum
231 2327 262 2379 et
284 2321 444 2400 aliquando
467 2323 679 2399 tristissimum,
701 2323 756 2382 hos
778 2323 893 2382 labores
915 2340 982 2380 suos
1002 2321 1037 2379 in

83 2426 181 2485 lucem
194 2428 358 2506 protulisse.

146 2534 215 2593 Tibi
235 2555 313 2608 vero,
334 2535 427 2594 Alme
443 2535 553 2607 Meter,
575 2536 725 2615 ‘lepidum
745 2555 857 2595 novum
881 2531 1035 2607 libellum,'

84 2639 297 2718 qualiscunque
309 2640 357 2714 sit,
373 2641 450 2699 dono
464 2661 498 2700 ee
512 2643 621 2702 dedico.
665 2642 718 2716 Tu,
735 2662 789 2720 pro
803 2661 884 2701 eoae
897 2647 1037 2712 meretur,

84 2751 138 2803 eut
157 2745 276 2822 ebjioiee
294 2747 414 2804 eut—ei
434 2767 482 2805 me
502 2767 591 2821 ames,
610 2747 801 2826 amplecteris
845 2746 903 2805 Tui
921 2753 1038 2824 gratem

85 2851 258 2908 memoriam
275 2851 324 2910 vel
341 2852 446 2912 absens
462 2873 628 2932 persequer.
672 2854 771 2927 Quare
791 2852 838 2911 feo
857 2871 905 2911 me
925 2851 1036 2929 diliges,

85 2962 116 3014 et
130 2957 271 3035 dignitati
284 2977 356 3016 meae
370 2958 545 3036 suffrageris.

119 3226 219 3277 Dabam
234 3227 301 3292 apud
317 3227 496 3277 (inmemor
511 3227 629 3288 vimen,

86 3325 110 3359 a
130 3308 155 3359 d.
173 3320 231 3359 xm
251 3309 303 3360 cet
323 3308 425 3373 Aprilis,
443 3308 661 3362 MuccuxLL
