<?xml version="1.0" encoding="UTF-8"?>
<!DOCTYPE html PUBLIC "-//W3C//DTD XHTML 1.0 Transitional//EN"
    "http://www.w3.org/TR/xhtml1/DTD/xhtml1-transitional.dtd">
<html xmlns="http://www.w3.org/1999/xhtml" xml:lang="en" lang="en">
 <head>
  <title>
</title>
<meta http-equiv="Content-Type" content="text/html;charset=utf-8" />
  <meta name='ocr-system' content='tesseract 3.04.00' />
  <meta name='ocr-capabilities' content='ocr_page ocr_carea ocr_par ocr_line ocrx_word'/>
</head>
<body>
  <div class='ocr_page' id='page_1' title='image "./arundinescamisi02drurgoog_0386.png"; bbox 0 0 2514 4096; ppageno 0'>
   <div class='ocr_carea' id='block_1_1' title="bbox 348 340 747 408">
    <p class='ocr_par' dir='ltr' id='par_1_1' title="bbox 348 340 747 408">
     <span class='ocr_line' id='line_1_1' title="bbox 348 340 747 408; baseline -0.02 0"><span class='ocrx_word' id='word_1_1' title='bbox 348 341 610 408; x_wconf 73' lang='lat' dir='ltr'><em>ARUNDINES</em></span> <span class='ocrx_word' id='word_1_2' title='bbox 634 340 747 403; x_wconf 82' lang='lat' dir='ltr'><strong><em>OAMI.</em></strong></span> 
     </span>
    </p>
   </div>
   <div class='ocr_carea' id='block_1_2' title="bbox 319 590 763 946">
    <p class='ocr_par' dir='ltr' id='par_1_2' title="bbox 319 590 763 946">
     <span class='ocr_line' id='line_1_2' title="bbox 319 590 763 665; baseline -0.009 -13"><span class='ocrx_word' id='word_1_3' title='bbox 319 593 367 653; x_wconf 87' lang='lat' dir='ltr'>Ut</span> <span class='ocrx_word' id='word_1_4' title='bbox 387 592 561 665; x_wconf 84' lang='lat' dir='ltr'>fremebant,</span> <span class='ocrx_word' id='word_1_5' title='bbox 585 590 763 650; x_wconf 82' lang='lat' dir='ltr'>‘Devastata</span> 
     </span>
     <span class='ocr_line' id='line_1_3' title="bbox 322 690 716 768; baseline -0.008 -19"><span class='ocrx_word' id='word_1_6' title='bbox 322 690 512 768; x_wconf 83' lang='lat' dir='ltr'><strong>Solymarum</strong></span> <span class='ocrx_word' id='word_1_7' title='bbox 532 693 716 760; x_wconf 81' lang='lat' dir='ltr'>ornamenta,</span> 
     </span>
     <span class='ocr_line' id='line_1_4' title="bbox 323 785 711 861; baseline -0.013 -14"><span class='ocrx_word' id='word_1_8' title='bbox 323 788 365 847; x_wconf 90' lang='lat' dir='ltr'>Et</span> <span class='ocrx_word' id='word_1_9' title='bbox 385 807 453 846; x_wconf 86' lang='lat' dir='ltr'>oum</span> <span class='ocrx_word' id='word_1_10' title='bbox 475 786 536 845; x_wconf 88' lang='lat' dir='ltr'>solo</span> <span class='ocrx_word' id='word_1_11' title='bbox 556 785 711 861; x_wconf 78' lang='lat' dir='ltr'>adaequate</span> 
     </span>
     <span class='ocr_line' id='line_1_5' title="bbox 323 878 734 946; baseline -0.012 -1"><span class='ocrx_word' id='word_1_12' title='bbox 323 886 418 946; x_wconf 85' lang='lat' dir='ltr'>Urbis</span> <span class='ocrx_word' id='word_1_13' title='bbox 438 885 502 944; x_wconf 81' lang='lat' dir='ltr'>alta</span> <span class='ocrx_word' id='word_1_14' title='bbox 521 878 734 943; x_wconf 64' lang='lat' dir='ltr'>fundamenta?</span> 
     </span>
    </p>
   </div>
   <div class='ocr_carea' id='block_1_3' title="bbox 323 1016 725 1383">
    <p class='ocr_par' dir='ltr' id='par_1_3' title="bbox 323 1016 700 1272">
     <span class='ocr_line' id='line_1_6' title="bbox 323 1016 700 1093; baseline -0.011 -16"><span class='ocrx_word' id='word_1_15' title='bbox 323 1018 436 1078; x_wconf 86' lang='lat' dir='ltr'>Beatus</span> <span class='ocrx_word' id='word_1_16' title='bbox 456 1019 516 1092; x_wconf 90' lang='lat' dir='ltr'>ille,</span> <span class='ocrx_word' id='word_1_17' title='bbox 538 1016 700 1093; x_wconf 86' lang='lat' dir='ltr'>Babylonis</span> 
     </span>
     <span class='ocr_line' id='line_1_7' title="bbox 324 1115 667 1187; baseline -0.015 -13"><span class='ocrx_word' id='word_1_18' title='bbox 324 1115 402 1174; x_wconf 82' lang='lat' dir='ltr'>Filia</span> <span class='ocrx_word' id='word_1_19' title='bbox 422 1115 530 1173; x_wconf 86' lang='lat' dir='ltr'>misere</span> <span class='ocrx_word' id='word_1_20' title='bbox 550 1117 667 1187; x_wconf 82' lang='lat' dir='ltr'>vexata,</span> 
     </span>
     <span class='ocr_line' id='line_1_8' title="bbox 327 1211 633 1272; baseline -0.013 0"><span class='ocrx_word' id='word_1_21' title='bbox 327 1213 368 1272; x_wconf 89' lang='lat' dir='ltr'>In</span> <span class='ocrx_word' id='word_1_22' title='bbox 387 1219 419 1272; x_wconf 89' lang='lat' dir='ltr'>te</span> <span class='ocrx_word' id='word_1_23' title='bbox 440 1214 488 1272; x_wconf 83' lang='lat' dir='ltr'>dia</span> <span class='ocrx_word' id='word_1_24' title='bbox 508 1211 633 1271; x_wconf 88' lang='lat' dir='ltr'>ultionis</span> 
     </span>
    </p>

    <p class='ocr_par' dir='ltr' id='par_1_4' title="bbox 327 1309 725 1383">
     <span class='ocr_line' id='line_1_9' title="bbox 327 1309 725 1383; baseline -0.013 -13"><span class='ocrx_word' id='word_1_25' title='bbox 327 1311 387 1383; x_wconf 83' lang='lat' dir='ltr'>Qui</span> <span class='ocrx_word' id='word_1_26' title='bbox 406 1312 552 1370; x_wconf 73' lang='lat' dir='ltr'>retribuet</span> <span class='ocrx_word' id='word_1_27' title='bbox 572 1310 636 1368; x_wconf 79' lang='lat' dir='ltr'>haee</span> <span class='ocrx_word' id='word_1_28' title='bbox 656 1309 725 1366; x_wconf 80' lang='lat' dir='ltr'>fata</span> 
     </span>
    </p>
   </div>
   <div class='ocr_carea' id='block_1_4' title="bbox 327 1438 746 1813">
    <p class='ocr_par' dir='ltr' id='par_1_5' title="bbox 327 1438 746 1813">
     <span class='ocr_line' id='line_1_10' title="bbox 327 1438 746 1519; baseline -0.012 -18"><span class='ocrx_word' id='word_1_29' title='bbox 327 1442 440 1502; x_wconf 78' lang='lat' dir='ltr'>Beatus</span> <span class='ocrx_word' id='word_1_30' title='bbox 460 1443 519 1516; x_wconf 88' lang='lat' dir='ltr'>ille,</span> <span class='ocrx_word' id='word_1_31' title='bbox 542 1441 595 1519; x_wconf 88' lang='lat' dir='ltr'>qui</span> <span class='ocrx_word' id='word_1_32' title='bbox 614 1438 746 1498; x_wconf 83' lang='lat' dir='ltr'>infantes</span> 
     </span>
     <span class='ocr_line' id='line_1_11' title="bbox 330 1537 745 1619; baseline -0.014 -20"><span class='ocrx_word' id='word_1_33' title='bbox 330 1540 407 1599; x_wconf 75' lang='lat' dir='ltr'>Cum</span> <span class='ocrx_word' id='word_1_34' title='bbox 427 1540 600 1619; x_wconf 84' lang='lat' dir='ltr'>parentibus</span> <span class='ocrx_word' id='word_1_35' title='bbox 621 1537 745 1610; x_wconf 80' lang='lat' dir='ltr'>excidet,</span> 
     </span>
     <span class='ocr_line' id='line_1_12' title="bbox 330 1637 733 1714; baseline -0.005 -20"><span class='ocrx_word' id='word_1_36' title='bbox 330 1637 372 1695; x_wconf 85' lang='lat' dir='ltr'>Et</span> <span class='ocrx_word' id='word_1_37' title='bbox 392 1638 430 1695; x_wconf 85' lang='lat' dir='ltr'>ad</span> <span class='ocrx_word' id='word_1_38' title='bbox 449 1637 562 1714; x_wconf 87' lang='lat' dir='ltr'>lapides</span> <span class='ocrx_word' id='word_1_39' title='bbox 583 1639 733 1694; x_wconf 86' lang='lat' dir='ltr'>exstantes</span> 
     </span>
     <span class='ocr_line' id='line_1_13' title="bbox 332 1732 718 1813; baseline -0.005 -21"><span class='ocrx_word' id='word_1_40' title='bbox 332 1734 441 1793; x_wconf 85' lang='lat' dir='ltr'>Vitam</span> <span class='ocrx_word' id='word_1_41' title='bbox 463 1735 600 1813; x_wconf 83' lang='lat' dir='ltr'>fragilem</span> <span class='ocrx_word' id='word_1_42' title='bbox 619 1732 718 1793; x_wconf 85' lang='lat' dir='ltr'>elidet.</span> 
     </span>
    </p>
   </div>
   <div class='ocr_carea' id='block_1_5' title="bbox 842 1850 959 1894">
    <p class='ocr_par' dir='ltr' id='par_1_6' title="bbox 842 1850 959 1894">
     <span class='ocr_line' id='line_1_14' title="bbox 842 1850 959 1894; baseline -0.017 0"><span class='ocrx_word' id='word_1_43' title='bbox 842 1850 870 1894; x_wconf 76' lang='lat' dir='ltr'>A.</span> <span class='ocrx_word' id='word_1_44' title='bbox 887 1851 912 1893; x_wconf 83' lang='lat' dir='ltr'>B.</span> <span class='ocrx_word' id='word_1_45' title='bbox 928 1851 959 1893; x_wconf 84' lang='lat'>11.</span> 
     </span>
    </p>
   </div>
   <div class='ocr_carea' id='block_1_6' title="bbox 438 1940 684 1950">
    <p class='ocr_par' dir='ltr' id='par_1_7' title="bbox 438 1940 684 1950">
     <span class='ocr_line' id='line_1_15' title="bbox 438 1940 684 1950; baseline -0.012 0"><span class='ocrx_word' id='word_1_46' title='bbox 438 1940 684 1950; x_wconf 80' lang='lat'>——--·</span> 
     </span>
    </p>
   </div>
   <div class='ocr_carea' id='block_1_7' title="bbox 503 2071 630 2139">
    <p class='ocr_par' dir='ltr' id='par_1_8' title="bbox 503 2071 630 2139">
     <span class='ocr_line' id='line_1_16' title="bbox 503 2071 630 2139; baseline -0.008 -4"><span class='ocrx_word' id='word_1_47' title='bbox 503 2071 630 2139; x_wconf 56' lang='lat' dir='ltr'>Quos.</span> 
     </span>
    </p>
   </div>
   <div class='ocr_carea' id='block_1_8' title="bbox 172 2201 876 2576">
    <p class='ocr_par' dir='ltr' id='par_1_9' title="bbox 172 2201 753 2378">
     <span class='ocr_line' id='line_1_17' title="bbox 172 2201 753 2281; baseline -0.002 -20"><span class='ocrx_word' id='word_1_48' title='bbox 172 2201 281 2261; x_wconf 68' lang='lat' dir='ltr'>Susum</span> <span class='ocrx_word' id='word_1_49' title='bbox 301 2202 410 2280; x_wconf 88' lang='lat' dir='ltr'>quietis</span> <span class='ocrx_word' id='word_1_50' title='bbox 431 2203 502 2262; x_wconf 86' lang='lat' dir='ltr'>exul</span> <span class='ocrx_word' id='word_1_51' title='bbox 522 2223 541 2262; x_wconf 86' lang='lat' dir='ltr'>a</span> <span class='ocrx_word' id='word_1_52' title='bbox 560 2223 636 2281; x_wconf 88' lang='lat' dir='ltr'>pura</span> <span class='ocrx_word' id='word_1_53' title='bbox 656 2201 753 2276; x_wconf 89' lang='lat' dir='ltr'>domo,</span> 
     </span>
     <span class='ocr_line' id='line_1_18' title="bbox 213 2299 612 2378; baseline 0.008 -21"><span class='ocrx_word' id='word_1_54' title='bbox 213 2299 301 2358; x_wconf 88' lang='lat' dir='ltr'>Inter</span> <span class='ocrx_word' id='word_1_55' title='bbox 321 2302 434 2360; x_wconf 88' lang='lat' dir='ltr'>sodales</span> <span class='ocrx_word' id='word_1_56' title='bbox 454 2303 612 2378; x_wconf 84' lang='lat' dir='ltr'>improbos,</span> 
     </span>
    </p>

    <p class='ocr_par' dir='ltr' id='par_1_10' title="bbox 175 2397 876 2576">
     <span class='ocr_line' id='line_1_19' title="bbox 175 2397 876 2477; baseline 0.001 -23"><span class='ocrx_word' id='word_1_57' title='bbox 175 2397 307 2456; x_wconf 81' lang='lat' dir='ltr'>Tandem</span> <span class='ocrx_word' id='word_1_58' title='bbox 327 2399 410 2457; x_wconf 87' lang='lat' dir='ltr'>audii</span> <span class='ocrx_word' id='word_1_59' title='bbox 429 2400 582 2476; x_wconf 84' lang='lat' dir='ltr'>perculsus</span> <span class='ocrx_word' id='word_1_60' title='bbox 602 2403 758 2477; x_wconf 75' lang='lat' dir='ltr'>expostam</span> <span class='ocrx_word' id='word_1_61' title='bbox 778 2397 876 2466; x_wconf 87' lang='lat' dir='ltr'>fidem,</span> 
     </span>
     <span class='ocr_line' id='line_1_20' title="bbox 215 2496 682 2576; baseline 0 -23"><span class='ocrx_word' id='word_1_62' title='bbox 215 2496 381 2574; x_wconf 87' lang='lat' dir='ltr'>Addorqne</span> <span class='ocrx_word' id='word_1_63' title='bbox 401 2503 572 2556; x_wconf 83' lang='lat' dir='ltr'>sanctorum</span> <span class='ocrx_word' id='word_1_64' title='bbox 593 2497 682 2576; x_wconf 84' lang='lat' dir='ltr'>gregi.</span> 
     </span>
    </p>
   </div>
   <div class='ocr_carea' id='block_1_9' title="bbox 175 2627 800 2786">
    <p class='ocr_par' dir='ltr' id='par_1_11' title="bbox 175 2627 800 2786">
     <span class='ocr_line' id='line_1_21' title="bbox 175 2627 800 2706; baseline 0.002 -21"><span class='ocrx_word' id='word_1_65' title='bbox 175 2628 294 2686; x_wconf 82' lang='lat' dir='ltr'>Auctor</span> <span class='ocrx_word' id='word_1_66' title='bbox 313 2629 453 2688; x_wconf 85' lang='lat' dir='ltr'>modestae</span> <span class='ocrx_word' id='word_1_67' title='bbox 474 2633 570 2688; x_wconf 82' lang='lat' dir='ltr'>castus</span> <span class='ocrx_word' id='word_1_68' title='bbox 590 2627 766 2706; x_wconf 73' lang='lat' dir='ltr'>eloquentiae</span> <span class='ocrx_word' id='word_1_69' title='bbox 797 2658 800 2663; x_wconf 34' lang='lat' dir='ltr'>v</span> 
     </span>
     <span class='ocr_line' id='line_1_22' title="bbox 215 2724 661 2786; baseline 0.007 -3"><span class='ocrx_word' id='word_1_70' title='bbox 215 2724 289 2784; x_wconf 85' lang='lat' dir='ltr'>Fuit</span> <span class='ocrx_word' id='word_1_71' title='bbox 308 2727 360 2785; x_wconf 87' lang='lat' dir='ltr'>ille</span> <span class='ocrx_word' id='word_1_72' title='bbox 382 2726 493 2785; x_wconf 73' lang='lat' dir='ltr'>Christi</span> <span class='ocrx_word' id='word_1_73' title='bbox 513 2727 661 2786; x_wconf 82' lang='lat' dir='ltr'>nuncius:</span> 
     </span>
    </p>
   </div>
   <div class='ocr_carea' id='block_1_10' title="bbox 178 2804 967 2982">
    <p class='ocr_par' dir='ltr' id='par_1_12' title="bbox 178 2804 967 2982">
     <span class='ocr_line' id='line_1_23' title="bbox 178 2804 967 2903; baseline -0.008 -20"><span class='ocrx_word' id='word_1_74' title='bbox 178 2825 236 2884; x_wconf 81' lang='lat' dir='ltr'>Sed</span> <span class='ocrx_word' id='word_1_75' title='bbox 255 2845 344 2899; x_wconf 88' lang='lat' dir='ltr'>nuno,</span> <span class='ocrx_word' id='word_1_76' title='bbox 367 2826 446 2903; x_wconf 91' lang='lat' dir='ltr'>quod</span> <span class='ocrx_word' id='word_1_77' title='bbox 465 2830 536 2883; x_wconf 89' lang='lat' dir='ltr'>ante</span> <span class='ocrx_word' id='word_1_78' title='bbox 557 2804 727 2902; x_wconf 72' lang='lat' dir='ltr'>spreveram</span> <span class='ocrx_word' id='word_1_79' title='bbox 748 2822 857 2880; x_wconf 87' lang='lat' dir='ltr'>surdus</span> <span class='ocrx_word' id='word_1_80' title='bbox 877 2819 967 2893; x_wconf 85' lang='lat' dir='ltr'>domi,</span> 
     </span>
     <span class='ocr_line' id='line_1_24' title="bbox 218 2922 582 2982; baseline 0 0"><span class='ocrx_word' id='word_1_81' title='bbox 218 2922 299 2982; x_wconf 85' lang='lat' dir='ltr'>Auri</span> <span class='ocrx_word' id='word_1_82' title='bbox 319 2924 408 2982; x_wconf 88' lang='lat' dir='ltr'>irruit</span> <span class='ocrx_word' id='word_1_83' title='bbox 429 2922 582 2982; x_wconf 77' lang='lat' dir='ltr'>famelicae.</span> 
     </span>
    </p>
   </div>
   <div class='ocr_carea' id='block_1_11' title="bbox 179 3053 767 3425">
    <p class='ocr_par' dir='ltr' id='par_1_13' title="bbox 179 3053 767 3322">
     <span class='ocr_line' id='line_1_25' title="bbox 180 3053 723 3134; baseline -0.009 -18"><span class='ocrx_word' id='word_1_84' title='bbox 180 3057 206 3116; x_wconf 94' lang='lat'>0</span> <span class='ocrx_word' id='word_1_85' title='bbox 228 3056 406 3134; x_wconf 82' lang='lat' dir='ltr'>sempiterna</span> <span class='ocrx_word' id='word_1_86' title='bbox 426 3056 526 3134; x_wconf 90' lang='lat' dir='ltr'>gratia</span> <span class='ocrx_word' id='word_1_87' title='bbox 546 3055 625 3114; x_wconf 89' lang='lat' dir='ltr'>sinas</span> <span class='ocrx_word' id='word_1_88' title='bbox 645 3053 723 3112; x_wconf 88' lang='lat' dir='ltr'>mihi</span> 
     </span>
     <span class='ocr_line' id='line_1_26' title="bbox 221 3152 724 3227; baseline 0 -17"><span class='ocrx_word' id='word_1_89' title='bbox 221 3153 264 3212; x_wconf 88' lang='lat' dir='ltr'>Te</span> <span class='ocrx_word' id='word_1_90' title='bbox 283 3154 365 3227; x_wconf 88' lang='lat' dir='ltr'>soire,</span> <span class='ocrx_word' id='word_1_91' title='bbox 388 3153 438 3226; x_wconf 86' lang='lat' dir='ltr'>Te,</span> <span class='ocrx_word' id='word_1_92' title='bbox 461 3153 553 3227; x_wconf 87' lang='lat' dir='ltr'>Deus,</span> <span class='ocrx_word' id='word_1_93' title='bbox 576 3157 607 3211; x_wconf 88' lang='lat' dir='ltr'>et</span> <span class='ocrx_word' id='word_1_94' title='bbox 628 3152 724 3210; x_wconf 89' lang='lat' dir='ltr'>Tuos:</span> 
     </span>
     <span class='ocr_line' id='line_1_27' title="bbox 179 3249 767 3322; baseline -0.003 -14"><span class='ocrx_word' id='word_1_95' title='bbox 179 3249 291 3308; x_wconf 86' lang='lat' dir='ltr'>Velata</span> <span class='ocrx_word' id='word_1_96' title='bbox 310 3249 404 3308; x_wconf 84' lang='lat' dir='ltr'>Mosis</span> <span class='ocrx_word' id='word_1_97' title='bbox 426 3269 477 3307; x_wconf 89' lang='lat' dir='ltr'>ora</span> <span class='ocrx_word' id='word_1_98' title='bbox 496 3254 618 3307; x_wconf 83' lang='lat' dir='ltr'>acutum</span> <span class='ocrx_word' id='word_1_99' title='bbox 639 3267 767 3322; x_wconf 84' lang='lat' dir='ltr'>cernere,</span> 
     </span>
    </p>

    <p class='ocr_par' dir='ltr' id='par_1_14' title="bbox 224 3346 683 3425">
     <span class='ocr_line' id='line_1_28' title="bbox 224 3346 683 3425; baseline -0.004 -19"><span class='ocrx_word' id='word_1_100' title='bbox 224 3347 364 3407; x_wconf 78' lang='lat' dir='ltr'>Sermone</span> <span class='ocrx_word' id='word_1_101' title='bbox 384 3348 424 3407; x_wconf 90' lang='lat' dir='ltr'>sit</span> <span class='ocrx_word' id='word_1_102' title='bbox 444 3346 580 3425; x_wconf 88' lang='lat' dir='ltr'>quamvis</span> <span class='ocrx_word' id='word_1_103' title='bbox 599 3347 683 3404; x_wconf 85' lang='lat' dir='ltr'>rudi!</span> 
     </span>
    </p>
   </div>
   <div class='ocr_carea' id='block_1_12' title="bbox 0 0 1278 4096">
    <p class='ocr_par' dir='ltr' id='par_1_15' title="bbox 0 0 1278 4096">
     <span class='ocr_line' id='line_1_29' title="bbox 0 0 1278 4096; baseline 0 0"><span class='ocrx_word' id='word_1_104' title='bbox 0 0 1278 4096; x_wconf 95' lang='lat' dir='ltr'> </span> 
     </span>
    </p>
   </div>
  </div>
 </body>
</html>
