2514 4096
370 351 624 412 ARUNDINES
650 352 764 413 oAMl.

388 739 391 744 p
446 662 545 731 suas
564 664 695 731 ambra

133 818 221 888 Quor
241 818 419 896 perlucentis
439 825 552 895 spectat
572 819 719 878 cunabula
740 820 842 890 Devae,

170 914 256 972 Luna
276 935 363 992 super
382 935 531 973 summum
551 916 674 975 fulserat
694 917 760 974 alba
776 918 900 995 jugum

132 1013 319 1090 Argentique
338 1014 416 1072 faces
436 1016 474 1072 ab
494 1015 550 1072 Eoi
570 1016 680 1073 vertice
701 1015 765 1073 oaeli

173 1109 326 1188 Sparserat
346 1111 379 1169 in
400 1113 489 1170 silvas
509 1113 727 1189 turrigeraeque
748 1112 857 1170 domos.

131 1264 171 1321 In
190 1265 267 1323 lecto
287 1271 443 1343 composta,
465 1287 552 1324 suum
569 1267 632 1343 jam
653 1265 770 1343 Phyllis
790 1266 905 1324 Alexin

170 1363 248 1420 Visa
269 1369 332 1421 erat
352 1365 385 1421 in
405 1365 515 1421 somnis
535 1384 588 1440 per
608 1365 685 1422 freta
705 1364 792 1441 longa
813 1365 904 1441 sequi,

132 1458 231 1529 Quum
244 1480 376 1538 pressum
390 1462 509 1538 irrepsit
524 1481 666 1534 murmur,
684 1461 765 1518 ‘Mea
779 1461 889 1537 Phylli,
899 1460 1029 1538 quiescas
1036 1479 1045 1533 5

173 1558 241 1615 ‘Nil
261 1563 362 1617 movet
381 1559 520 1633 infernos,
543 1559 664 1618 lacrima
684 1560 775 1633 nulla,
797 1558 896 1617 Deos'

132 1712 261 1772 Sustulit
280 1734 298 1772 a
317 1721 421 1772 moesto
441 1714 603 1772 tremulum
624 1720 713 1791 caput
732 1714 785 1772 illa
805 1716 904 1788 cubili,

172 1813 212 1870 In
231 1813 361 1871 thalamo
383 1831 515 1890 quaerens
535 1813 601 1888 quis
621 1812 661 1869 sit
682 1817 712 1869 et
732 1811 811 1870 unde
831 1831 884 1870 suo
889 1834 899 1886 3

131 1911 173 1970 Et
194 1916 273 1969 stare
293 1911 441 1989 algentem
460 1910 619 1987 perterrita
639 1910 716 1966 vidit
735 1909 857 1982 Alexin,

171 2007 328 2084 Exsangui
347 2007 437 2066 vultu
456 2008 677 2083 luminibusque
699 2005 786 2063 cavis

138 2160 276 2218 ‘Sternor
297 2179 349 2237 ego
369 2161 522 2234 exanimis,
543 2161 607 2218 vita
629 2159 654 2216 Ο
675 2159 750 2216 mihi
770 2159 865 2218 carior
883 2159 955 2238 ipsa,

174 2259 406 2336 ‘Intempestive
428 2260 527 2337 pulvis
547 2265 578 2317 et
599 2279 663 2316 ossa
683 2259 758 2315 mari
765 2279 774 2332 3

132 2355 192 2414 ‘Te
211 2357 314 2432 procul
335 2357 456 2415 addicor
475 2358 583 2415 morti:
605 2376 671 2414 mea
691 2356 801 2433 Phylli,
822 2357 969 2434 quiescas:

173 2453 300 2512 ‘Desine
320 2455 432 2529 vexari,
455 2457 533 2533 quod
554 2461 625 2513 tuus
645 2455 723 2513 absit
743 2475 834 2514 amor.

128 2610 243 2670 ‘Suave
256 2631 365 2685 meum,
380 2633 442 2671 non
455 2613 543 2690 longa
555 2633 637 2671 mora
652 2618 704 2684 est,
719 2614 793 2690 quin
808 2615 911 2672 mollia
931 2619 1036 2692 tangas

167 2708 322 2783 ‘Numina
345 2715 376 2767 et
396 2710 429 2768 in
449 2730 530 2768 sacra
551 2709 777 2786 congrediamur
795 2710 887 2768 humo
897 2730 907 2784 3

130 2806 208 2876 ‘Qua
228 2813 330 2866 manet
350 2809 523 2866 inconcussa
544 2809 639 2879 Fides,
660 2826 764 2864 secura
783 2807 936 2881 laborum,

170 2905 249 2975 ‘Qua
267 2907 380 2984 gremio
400 2926 554 2983 nunquam
575 2906 715 2982 diripiere
736 2904 820 2963 meo'

128 3063 261 3121 Fortiter
280 3062 429 3140 increpuit
448 3063 562 3139 gallus:
583 3082 659 3140 vaga
678 3063 756 3141 fugit
777 3062 896 3139 Imago:

168 3162 302 3220 Solvitur
321 3168 391 3220 ante
411 3161 509 3218 oculos
530 3162 609 3238 quod
629 3162 687 3218 fuit
708 3181 794 3218 omne
814 3160 891 3232 viri,

126 3259 184 3319 Sed
204 3266 306 3320 tenere
325 3259 482 3319 abscedens
503 3259 581 3316 dixit
591 3280 601 3332 3
625 3258 708 3318 ‘Mea
728 3259 881 3329 blandula,
903 3257 999 3316 dormi
1005 3277 1015 3330 ,·

167 3358 234 3417 ‘Nil
254 3363 354 3418 movet
373 3358 511 3431 infernos,
533 3357 655 3415 lacrima
675 3358 768 3427 nulla,
793 3355 891 3415 Deos?

841 3473 871 3513 Η.
888 3471 917 3511 n.
