2514 4096
481 363 735 424 ARUNDINES
761 364 876 426 OAMI.
1121 364 1156 422 11

533 642 632 714 §rura
648 641 833 707 attrutinat.

445 799 547 858 Sam
566 820 643 877 aeger
662 801 695 858 in
716 800 844 858 Tarento

449 896 498 955 De
518 917 603 973 oryza
623 904 653 956 et
673 897 827 975 pulmento

447 992 515 1051 Vili
534 994 651 1051 vixerat
670 994 792 1052 invento
801 1015 811 1068 3

486 1090 589 1150 Donec
609 1091 744 1150 Medicus

448 1189 519 1247 Seni
539 1189 637 1266 inquit
657 1189 744 1248 valde
764 1189 841 1263 laeto,

449 1286 561 1345 ‘Senex
580 1306 664 1364 aeger,
687 1307 704 1345 ο
724 1289 859 1365 gaudeto,

448 1384 524 1444 Orus
543 1384 665 1443 ovinum
680 1385 745 1461 jam
765 1405 826 1442 non
846 1391 925 1458 veto,

484 1479 552 1538 Tibi
571 1480 746 1540 beneditus?

578 1737 822 1748 ——...—.....

235 1904 240 1913 '
356 1894 486 1976 Mtffaum
503 1895 587 1959 tauta
607 1895 696 1960 uttam
716 1896 823 1970 ratast
844 1905 918 1962 tutat
939 1897 1018 1963 nott

245 2052 322 2124 Qus,
344 2050 443 2123 Musa,
464 2070 552 2127 poena
573 2056 611 2124 te,
633 2052 763 2124 remissa,
785 2054 926 2128 multabo,

244 2148 330 2219 Quod
349 2148 509 2206 veritatem
528 2148 652 2226 negligis
672 2156 828 2208 venustate

244 2245 363 2303 Litamt
384 2262 449 2302 meo
470 2262 572 2302 omnes
592 2266 631 2304 ex
651 2266 749 2305 amore
769 2249 911 2324 pendetis,

244 2343 286 2400 Et
305 2335 416 2402 ueritas
438 2348 469 2400 et
488 2343 590 2415 forma,
612 2349 714 2421 tuque,
735 2365 833 2405 amore
853 2347 911 2405 isto

245 2442 396 2501 Olaranda
438 2441 521 2512 Quid
541 2443 681 2499 causaret
702 2442 800 2501 forsan
821 2444 875 2504 hoe
896 2447 990 2507 dicas:

246 2540 360 2617 ‘Hujus
380 2541 476 2600 colore
496 2541 612 2597 imbuta
631 2540 742 2599 veritas
762 2543 846 2602 nullo

243 2637 319 2714 Eget
339 2638 434 2696 colore
444 2657 454 2711 3
475 2637 614 2714 penicillo
635 2657 708 2715 opus
730 2647 864 2716 nonest,

242 2734 355 2793 Veram
375 2740 515 2792 venustas
535 2754 594 2811 quo
613 2735 689 2792 linat
708 2744 911 2802 venustatem:

242 2833 329 2904 Quod
348 2832 516 2890 absolutum
536 2837 589 2900 est,
609 2853 670 2891 non
690 2834 855 2894 adulterare
875 2839 1010 2916 aequum.’

242 2932 341 3008 Major
360 2931 430 3007 qu'ia
449 2929 498 2988 hic
519 2930 558 2987 sit
578 2930 674 3000 laude,
694 2939 779 2990 muta
799 2937 961 2994 mussabist

242 3031 291 3089 Ne
311 3035 347 3087 tu
366 3027 429 3086 haee
449 3034 550 3086 tacens
571 3049 698 3102 causare,
720 3049 811 3108 quam
830 3051 919 3109 penas
939 3035 1097 3095 eolamt
1051 3042 1105 3110 est,

124 3128 128 3139 “
243 3128 276 3186 si
294 3129 396 3186 vincat
415 3145 504 3183 aurea
524 3126 573 3184 hic
593 3127 727 3204 sepulcra
747 3129 884 3202 vivenda,

239 3223 406 3300 Victorque
426 3223 558 3280 nondum
578 3229 650 3280 nata
669 3225 803 3301 pervolet
823 3228 914 3287 saecla.

242 3323 339 3393 Quare
358 3321 414 3378 hoe
433 3338 509 3396 agas,
533 3320 689 3380 OMusa:
710 3330 776 3399 post
778 3324 834 3382 eris
855 3327 928 3384 seris

240 3421 334 3480 Hune
354 3419 450 3495 quatis
471 3419 558 3478 hodie
579 3423 631 3491 est,
654 3439 701 3477 me
722 3420 851 3496 docente,
873 3425 1057 3484 monstrabis
1175 3428 1178 3543 t

905 3538 937 3579 H.
953 3539 981 3580 A
998 3540 1023 3580 J.
1037 3541 1068 3581 M.
966 3552 1177 3696 Ἢ]
