2514 4096
421 361 678 444 menorans
706 361 823 424 cirri.
1039 362 1098 423 aer

497 590 596 663 &tous
615 589 746 653 amator.

185 719 264 778 Tuus
285 718 389 799 (pudet
408 718 468 777 heu
479 720 498 796 l)
518 718 598 777 luces
618 718 769 796 permansi
788 718 865 776 fidus
885 723 1008 787 amator,

224 817 265 876 Et
284 817 418 890 totidem,
438 818 548 876 sudum
567 817 608 875 sit
628 817 723 890 modo,
747 816 824 874 fidus
846 835 913 874 ero:

185 913 266 984 Quin
285 915 368 993 prius
388 915 544 973 effractum
562 914 739 991 languentes
759 918 850 972 exuet
869 913 941 986 alas,

225 1012 323 1083 Quam
342 1013 434 1070 talem
453 1012 577 1089 aspiciat
597 1010 727 1089 Tempus
747 1011 781 1068 in
801 1011 872 1069 orbe
892 1011 992 1069 fidem.

184 1111 264 1180 Quid
283 1117 385 1168 tamen
403 1112 459 1168 hoc
478 1109 562 1167 laudi
582 1110 648 1168 esti
669 1129 735 1168 mea
755 1109 789 1167 ni
807 1109 863 1166 lux
882 1109 947 1186 ipsa
968 1107 1081 1179 fuisset,

222 1209 294 1266 Non
314 1208 390 1266 elius
410 1193 525 1265 dudum
545 1227 594 1266 me
614 1207 759 1267 tenuisset
779 1225 882 1280 amor,

182 1306 226 1365 Ni
246 1308 322 1365 foret
341 1307 435 1384 ipsius
454 1307 543 1365 facies
562 1305 626 1362 haec
645 1306 710 1382 ipsa
728 1304 845 1382 puellae,

221 1405 304 1463 Huic
325 1405 420 1464 decies
439 1411 574 1483 poteram
594 1404 788 1485 praeposuisse
809 1403 919 1461 decem.

934 1514 966 1555 A.
981 1513 1010 1554 Η.

483 1668 730 1679 ....—.....-—--

478 1848 628 1915 batesses
648 1848 748 1927 aque.

180 1973 351 2035 Ocnrosnc
370 1976 463 2035 fluctu
484 1977 602 2035 devexae
618 1977 765 2035 allabitur
784 1996 843 2035 orec

178 2073 302 2152 Largior
321 2077 475 2134 exundans
495 2076 591 2133 amnis
600 2097 609 2150 3
630 2096 690 2153 qua
711 2095 822 2153 pronus
842 2096 990 2154 aquarum

179 2172 340 2231 Oollectam
358 2174 425 2232 vim
440 2175 607 2251 praecipitat
627 2193 681 2251 per
702 2193 773 2231 saxa
794 2175 932 2233 deorsum

178 2271 284 2329 Ardua
304 2292 372 2330 cum
391 2272 521 2345 fremitu,
542 2273 700 2349 vicinaque
721 2272 854 2330 concutit
874 2291 954 2330 arva

177 2369 313 2427 Primum
334 2369 474 2428 csenrleus
495 2370 659 2440 decurrere,
680 2375 710 2428 et
731 2369 849 2446 agmine
869 2364 940 2427 lato'

178 2467 229 2526 Ire
248 2467 393 2526 indivisus
413 2473 529 2525 torrens
539 2488 549 2541 3
570 2473 638 2524 tum
657 2467 804 2525 albescere
825 2467 944 2551 eund05

176 2565 306 2642 Jamque
325 2566 477 2624 lacessitus
496 2566 623 2643 scopulis
644 2566 841 2624 clamantibus
861 2566 949 2634 infra,

178 2662 348 2721 Grandibus
366 2664 542 2741 implicitam
562 2664 674 2740 spumis
693 2664 870 2723 submittere
890 2669 1016 2722 matrem

176 2761 288 2818 Imbris
307 2761 486 2834 inexhausti,
507 2762 669 2819 nebulam:
690 2782 788 2840 neque
808 2762 920 2820 tortilis
940 2763 1021 2820 unda

176 2859 243 2929 Qua
261 2861 425 2938 requiescat
444 2861 553 2918 habet:
574 2861 650 2918 furit
670 2862 750 2919 inter
770 2881 893 2938 scrupea
913 2862 1050 2933 claustra,

174 2958 304 3035 Jamque
323 2957 426 3016 voluta
446 2958 537 3016 micat
556 2978 610 3036 per
629 2945 784 3037 fragmina,
801 2959 925 3036 jamque
945 2960 1067 3018 videtur

175 3053 395 3112 Transvolitare
414 3073 500 3112 cavas
520 3054 640 3132 obliqua
658 3057 811 3134 aspergine
830 3076 938 3134 rupes:
1033 3103 1036 3110 .

174 3153 252 3212 Mox
270 3154 335 3212 loca
353 3173 407 3231 per
425 3153 533 3212 clivosa
554 3154 615 3212 levi
634 3154 709 3231 pede
729 3155 829 3214 desilit
850 3155 958 3213 humor

175 3250 330 3324 Lubricus,
351 3251 509 3310 indocilis:
530 3251 610 3325 dum,
631 3252 817 3311 decrescente
836 3253 961 3332 fragore,

174 3347 336 3406 Planitiem
356 3349 453 3426 campi
472 3354 503 3408 et
523 3369 626 3408 secura
645 3350 756 3409 cubilia
775 3357 889 3424 nactus,

174 3448 313 3526 Perrepit
332 3447 441 3507 vallem
460 3448 616 3507 incurvam
635 3450 814 3510 taciturnior
833 3453 936 3512 amnis

899 3567 1003 3612 RH.
