2514 4096
368 341 624 403 ARUNDINES
649 343 763 404 OAMI.
917 429 927 445 ·
1001 346 1040 408 47

173 803 229 862 Dis
249 803 347 881 amplo
366 811 487 881 aspectu
507 804 589 863 Pelei
609 803 825 864 celebrantibus
845 805 952 877 aulam,

173 902 354 979 Appositum
374 904 454 960 rixas
474 903 615 979 genuisse.
658 902 727 960 Hoc
747 905 855 961 nuntia
874 903 987 960 malum

175 997 295 1057 Detulit
315 1001 371 1058 en!
392 999 453 1057 Iris
473 1000 561 1058 celeri
581 1001 710 1059 velocior
729 1021 810 1074 aura,

173 1094 213 1154 Et
233 1096 308 1153 mihi
327 1097 502 1173 permissum
522 1097 671 1155 communi
690 1097 799 1156 foedere
818 1099 924 1175 palmae

176 1192 312 1251 Tradidit
331 1194 496 1252 arbitrium.
540 1195 622 1264 Quin
641 1215 713 1252 mox
732 1214 801 1253 cum
820 1195 942 1254 Pallade
961 1195 1044 1254 June

177 1291 361 1350 Concurrens
381 1293 477 1350 aderit
496 1313 604 1370 magna
624 1294 663 1352 ad
682 1295 844 1352 certamina
864 1295 972 1368 formae,

176 1389 217 1448 Et
238 1390 385 1468 Cytherea
404 1393 517 1450 Venus.
561 1393 616 1465 Tu,
637 1412 697 1469 qua
716 1393 850 1470 longaeva
870 1398 1025 1451 susurrant

176 1486 291 1561 Pineta,
313 1495 468 1548 antrorum
488 1491 588 1549 videas
609 1491 703 1549 celata
722 1492 844 1551 latebris

175 1584 228 1644 Me
248 1587 387 1646 Paridem
406 1595 507 1648 tantas
528 1588 674 1666 Superum
694 1610 868 1669 componere
887 1589 975 1650 lites'

218 1949 236 1979 “
245 1946 302 2004 Ida
314 1966 419 2020 meam,
431 1947 576 2024 genetrix,
591 1966 672 2005 mors
684 1946 814 2020 advenit,
827 1947 925 2023 accipe
933 1967 1043 2006 vocem.

176 2044 298 2106 Arduus
318 2047 351 2103 in
370 2047 468 2105 medio
488 2047 631 2123 flagrabat
652 2046 781 2104 Phoebus
803 2046 944 2122 Olympo:

176 2142 313 2220 Unaque,
335 2144 468 2220 protenti
487 2143 582 2201 latera
602 2145 683 2201 inter
695 2143 791 2226 'pinea
811 2143 913 2216 saltus,

176 2240 303 2300 Errabat
322 2243 422 2299 nubes.
466 2240 637 2299 Herbesum
657 2241 835 2299 adeuntibus
855 2248 984 2316 antrum,

176 2338 310 2416 Fulgida,
332 2339 387 2397 sub
406 2339 531 2415 pedibus
551 2339 707 2412 nudarum,
730 2339 814 2415 copia
834 2339 949 2413 florum,

176 2434 255 2492 Lilia
275 2454 342 2492 cum
362 2435 450 2492 violis
470 2441 500 2492 et
520 2453 670 2492 amaracus
690 2416 931 2510 asphodelusque¹

176 2531 300 2605 Ludere,
322 2551 390 2589 cum
410 2531 479 2604 loto,
501 2532 637 2608 vitesque
656 2530 829 2608 hederaeque
848 2538 991 2609 vagantes

175 2627 312 2704 Desuper
331 2627 500 2684 innumeras
520 2633 610 2686 vento
630 2627 810 2687 intertexere
830 2629 929 2702 vittas,

176 2725 327 2802 Mistaque
347 2725 502 2782 baccarum
521 2725 555 2783 in
574 2725 657 2783 varic
677 2746 745 2784 cum
765 2726 836 2784 flore
856 2747 971 2787 racemo

177 2822 280 2881 Insula
298 2822 416 2881 nodosis
435 2823 553 2882 frondes
572 2823 724 2883 involvere
744 2825 841 2884 ramis

219 3155 302 3215 “Ida
313 3175 419 3226 meam,
432 3155 578 3233 genetrix,
592 3174 672 3212 mors
685 3155 815 3229 advenit,
827 3157 927 3234 accipe
934 3178 1043 3219 vocem

178 3253 255 3310 Tum
274 3272 363 3331 super
382 3253 535 3311 arboribus
555 3252 679 3310 summis
699 3251 817 3328 delapsa
836 3254 946 3312 morari

178 3349 262 3423 Visa,
283 3357 315 3409 et
334 3350 514 3408 odoriferum
534 3351 643 3408 sensim
663 3350 829 3408 diffundere
847 3371 945 3412 rorem

176 3446 280 3518 Aurea
299 3444 413 3507 cristati
432 3448 525 3507 nubes
544 3448 667 3526 pavonis
686 3448 720 3506 in
739 3448 809 3508 alas.
