2514 4096
385 346 646 410 ABUNDINES
669 346 780 411 OAMI.
998 351 1055 409 239

450 808 499 874 fib
520 807 714 874 ltcutmtluur.

269 965 295 1024 0
318 982 413 1025 cssrn
432 966 504 1025 casti
524 967 677 1044 progenies
695 968 798 1052 patris,

267 1063 351 1122 Dum
370 1065 477 1125 bruma
497 1085 613 1142 campos
634 1071 757 1142 occupat
777 1071 808 1124 et
827 1066 898 1138 vias,

307 1161 374 1232 Quo
393 1181 471 1234 rure,
493 1161 645 1235 Laurenti,
666 1163 798 1236 reducto,

347 1259 465 1330 Quosve
485 1259 563 1318 focos
583 1261 663 1337 apud
682 1261 849 1338 hospitales,

264 1353 370 1432 Longo
391 1357 556 1414 auferemus
576 1357 666 1414 taedia
686 1358 722 1415 de
741 1357 811 1418 diel

266 1453 353 1537 Quod
372 1454 445 1512 hora
464 1455 549 1512 nobis
570 1474 685 1532 cunque
706 1456 789 1514 dabit
809 1456 885 1515 lucri

305 1550 426 1609 Morosa
446 1556 607 1628 carpentes,
629 1557 665 1610 ut
685 1571 781 1612 annua
847 1548 851 1556 ⁴

344 1634 506 1707 Praetereat
526 1648 635 1707 leviore
654 1669 760 1727 penna,

265 1745 432 1806 Constricta
452 1748 544 1805 donec
565 1753 652 1824 prata
670 1747 826 1806 refecerint

189 1899 194 1906 .
263 1844 330 1904 Alae
350 1845 472 1919 Favoni,
492 1845 615 1922 liliaque
635 1850 666 1903 et
685 1865 772 1918 rosas,

304 1943 428 2001 Laboris
449 1948 594 2019 expertes,
616 1944 728 2002 amictu

345 2039 449 2099 Verna
469 2060 547 2098 novo
567 2041 712 2098 decorarit
732 2060 814 2098 aura.

265 2136 337 2207 Quae
357 2138 469 2196 munda
489 2138 574 2196 nobis
594 2157 677 2196 coena
695 2139 867 2214 parabiturl

265 2221 437 2306 Quae'lecta
456 2255 564 2293 mensae
584 2235 711 2293 ferculal
732 2255 793 2312 age,
815 2236 919 2295 Attico

304 2332 454 2392 Demere
473 2337 704 2409 promenturque
723 2332 803 2401 vina,
825 2340 855 2391 et

346 2429 419 2488 Post
440 2428 544 2487 calices
563 2428 639 2487 bene
658 2435 739 2487 tacta
758 2435 876 2489 noctem

264 2527 412 2586 Producet
431 2547 492 2585 una
511 2526 643 2586 barbitos
664 2547 791 2601 auream,

265 2626 306 2686 Et
326 2646 387 2685 vox
406 2626 546 2694 Etruscos
567 2626 701 2699 callidior
721 2627 823 2685 modos

305 2725 431 2801 Spirare,
453 2730 484 2783 et
504 2724 657 2783 effundens
677 2724 789 2783 choreae

345 2821 471 2880 Siderea
492 2821 631 2899 propiora·
648 2821 771 2880 chordis.
827 2844 834 2852 ·

268 2917 327 2988 Qui
346 2923 432 2976 tanta
452 2918 539 2975 novit
557 2918 665 2994 gandia
685 2937 811 2994 carpere,

266 3016 458 3094 Prudensque
477 3036 566 3094 parca
585 3022 685 3075 mente
704 3016 765 3074 frui
784 3016 872 3095 sapit,
924 3045 926 3049 ·

317 3114 379 3173 Scit
400 3115 458 3188 ille,
480 3115 514 3172 ni
533 3114 627 3182 fallor,
648 3113 781 3172 Deorum

278 3275 279 3278 Ἴ
347 3211 526 3272 Muneribus
546 3213 694 3290 sapienter
713 3213 769 3272 uti.

859 3335 1014 3378 Mla*
