2514 4096
370 373 627 437 ARUNDINES
651 375 765 438 OAMJ.

168 657 212 718 Et
223 658 381 737 ⁸quidquid
399 658 466 719 leve
484 658 571 718 fulsit
590 665 644 719 aut
662 665 823 719 venustum

168 756 294 816 Dilectae
314 757 499 816 harmoniam
518 757 590 834 lyrae
611 757 747 817 docebat!

169 855 251 926 Quae
270 875 332 914 non
351 856 468 933 perdite
488 875 588 915 amare
608 875 693 916 mens
712 862 839 931 recusat,

166 953 233 1013 Nec
252 973 338 1013 voces
358 953 501 1012 comitum
521 972 610 1012 sacrae
630 955 782 1028 tacebunt,

166 1050 257 1110 (lonii
277 1070 343 1128 quae
363 1050 489 1109 memori
509 1049 563 1108 diu
581 1056 745 1126 recurrent,

167 1147 215 1207 Ut
235 1147 404 1206 solatiolum
424 1147 484 1207 mei
502 1147 621 1218 laboris,
683 1197 687 1204 .

171 1246 198 1305 Ο
219 1246 299 1305 horae
319 1247 481 1320 ambrosiae,
502 1245 579 1304 mihi
598 1245 711 1305 valete!
792 1315 793 1319 η

208 1343 298 1402 Dixti
317 1343 391 1403 hau!
422 1343 521 1401 omnia
540 1363 619 1418 vera,
640 1344 684 1401 mi
704 1343 828 1406 sodalis:

168 1441 365 1501 Bacchanalia
383 1447 485 1500 nostra
503 1441 672 1516 terminavi,
732 1492 735 1497 .

172 1539 214 1598 Et
233 1542 308 1600 soles
328 1541 401 1599 alios
420 1547 521 1617 tepere
541 1540 626 1599 sensi

169 1638 227 1700 sed
247 1643 332 1698 vasto
351 1636 447 1697 veluti
466 1638 499 1694 in
518 1638 609 1696 maria
629 1637 775 1715 profundo

167 1736 275 1797 Fessus
294 1741 386 1794 nauta
405 1736 489 1795 videt
507 1755 613 1795 nemus
633 1743 799 1814 paternum,

168 1834 332 1914 Pingitque
352 1835 383 1892 in
404 1833 509 1894 vitreis
528 1834 612 1895 fretis
632 1855 778 1913 aquarum

38 1959 41 1963 ⁴
168 1932 267 1993 Vemi
287 1951 394 2010 pascua
414 1932 492 1990 ruris
512 1938 602 2010 atque
622 1934 723 1994 florea:

168 2031 218 2090 Sic
237 2050 337 2089 rerum
356 2031 432 2088 mihi
450 2031 590 2107 pertinax
609 2029 714 2108 imago,

170 2131 212 2190 Et
232 2129 410 2189 desiderium
430 2131 509 2188 redit
528 2129 671 2207 priorum,

169 2229 249 2299 Quae
270 2228 304 2285 in
322 2228 479 2304 purpureis
498 2229 641 2305 sequebar
660 2226 763 2286 annis:

170 2326 212 2384 Et
231 2326 341 2403 priseos
361 2325 445 2384 foveo
465 2331 638 2402 arroganter
656 2324 749 2403 ignes,

169 2423 323 2500 Oredoque
344 2442 405 2481 esse
425 2442 513 2495 meaa,
535 2422 690 2500 libensque
709 2421 804 2482 fallor.

170 2521 257 2592 Quod
277 2521 303 2579 si
318 2520 383 2598 jam
403 2519 560 2579 simulacra
578 2519 648 2577 lacta
668 2524 762 2598 capto,

170 2619 271 2679 Menti
291 2621 390 2678 nescio
411 2619 485 2696 quid
504 2619 687 2677 febriculosae

171 2717 317 2778 Certatim
336 2717 435 2786 irruit,
456 2722 487 2776 et
506 2717 600 2794 pudet
618 2716 707 2774 fateri

170 2815 268 2886 Quam
286 2815 351 2874 vini
370 2815 446 2874 levis
465 2814 565 2874 avolet
583 2814 684 2893 libido,

170 2913 269 2984 Quam
288 2913 381 2972 fallax
400 2933 474 2988 rosa,
496 2932 584 2991 quam
606 2911 705 2971 brevia
721 2911 880 2989 juventus!

881 3025 915 3068 11.
930 3025 960 3068 D.

984 377 1043 437 323
