2514 4096
357 352 617 413 *ARUNDINES
642 352 757 416 OAMI.
980 357 1039 420 275

495 654 633 723 stereus.

251 804 368 863 Pmms
386 799 486 861 volavi
504 820 559 878 per
577 799 727 878 liquidum
746 800 857 861 aethera

251 917 451 979 scientiarum
469 914 584 974 deliciis
602 933 719 987 vacans,

291 1029 462 1106 Suavesque
481 1027 599 1087 tentavi
617 1046 747 1087 recessus

330 1145 486 1205 Pieridum
503 1143 674 1220 vitreosque
693 1142 809 1201 fontes:

253 1261 311 1323 Sed
331 1265 437 1320 cuncta
456 1259 555 1318 frenat
574 1257 649 1316 dura
668 1257 844 1332 Necessitas,
893 1302 898 1311 .

253 1379 436 1455 Quocunque
455 1379 564 1448 vertor,
585 1392 647 1432 non
667 1375 841 1450 superabilis
850 1396 860 1448 ;

283 1495 365 1553 'Non
384 1466 447 1570 ipse
468 1491 616 1574 commisit
634 1488 751 1548 tabellis

333 1606 476 1665 Threiciis
495 1605 677 1664 medicamen
698 1603 835 1682 Orpheus
844 1627 853 1680 3

254 1723 326 1781 Non
345 1720 501 1797 AEsculapi
521 1718 621 1777 toxica
640 1718 710 1776 filiis

255 1834 391 1906 Phoebus,
413 1818 560 1891 medentis
579 1831 693 1909 pocula,
714 1833 834 1892 miscuit
843 1852 852 1905 3

294 1946 368 2017 Quae
384 1947 455 2024 jure
474 1950 505 2003 et
525 1944 643 2003 obsceni
663 1945 799 2005 valerent

333 2063 499 2140 Imperium
519 2067 663 2121 temerare
684 2061 761 2121 Fati.

256 2178 316 2236 Illa
335 2182 367 2236 et
387 2175 520 2235 Dearum
541 2176 602 2234 sola
621 2177 792 2254 tepentibus
816 2146 828 2173 ⁹

256 2293 372 2351 Invidit
392 2292 471 2365 aris3
491 2291 544 2348 illa
563 2291 613 2348 vel
632 2291 743 2349 hostias

169 2467 174 2477 ,
297 2407 417 2484 Spernit
436 2405 622 2478 reluctantes,
645 2412 675 2464 et
696 2405 760 2463 odit

335 2523 510 2580 Marmorese
530 2522 687 2580 simulacre
706 2522 813 2580 formae.

256 2636 283 2695 Ο
305 2636 506 2709 Diva-nam
526 2639 563 2691 tu
584 2634 720 2691 concilias
740 2633 849 2692 Iovem

257 2751 297 2810 Et
311 2755 432 2829 sceptra
450 2749 635 2806 mundi-da
654 2749 800 2825 placidam
820 2748 896 2805 mihi

298 2866 437 2924 Transire
456 2866 570 2923 vitam:
591 2870 627 2922 tu
647 2864 763 2922 metelli

338 2980 499 3054 Duritiem,
521 2979 746 3057 Chalybumque
766 2980 879 3059 frangis

257 3095 392 3153 Immune
411 3095 523 3154 ferrum
533 3116 543 3170 3
564 3115 618 3154 nec
637 3097 731 3173 pudet
750 3095 880 3154 indolem

259 3206 378 3265 Fovisse
398 3213 522 3266 torvam
566 3209 633 3278 Quo
653 3209 755 3286 fugies,
775 3211 866 3267 miser

299 3322 450 3380 Admete'l
470 3321 611 3380 tefatale
631 3322 755 3380 Numen

340 3435 469 3495 Ratibus
489 3435 638 3513 implicuit
657 3435 785 3494 dolosis!
