2514 4096
369 362 627 424 ABUNDINES
652 362 763 426 OAMI.
984 367 1040 425 221

337 770 416 834 fiola
435 771 510 852 repta
530 740 645 844 §onoc
665 788 790 842 extorta.

171 927 239 988 er
259 948 334 1007 puer
353 930 503 1006 impressis
524 929 676 989 afflaverat
697 932 796 990 oscula
816 931 915 1007 labris,

212 1041 328 1100 Afflatu
348 1044 468 1119 magicae
488 1043 640 1102 dissiluere
661 1064 766 1103 morae:

174 1155 325 1216 Continuo
346 1157 443 1234 longis
463 1158 651 1235 clangoribus
672 1179 764 1217 aereus
784 1161 874 1219 umbo

213 1271 358 1349 Tempora
377 1293 431 1350 per
450 1292 590 1330 numeros
610 1273 776 1350 significare
796 1295 879 1336 suos:

172 1385 224 1446 Ine
243 1388 340 1446 redire
360 1389 470 1466 pedum
491 1390 643 1466 strepitus,
666 1408 697 1447 sc
718 1389 874 1467 effringere
893 1397 992 1469 postes
998 1409 1008 1464 ;

215 1500 360 1575 Latravit‚
382 1503 462 1579 gallo
482 1502 585 1561 crebra
605 1508 739 1576 canente,
762 1505 859 1564 cenis:

173 1616 318 1693 Amplius
337 1622 465 1694 augusta
483 1616 615 1692 reparari
633 1617 736 1675 lumen
756 1617 789 1674 in
809 1617 891 1691 anla3
962 1607 965 1612 ’

214 1731 316 1789 Horto
335 1732 487 1789 vibrantes
506 1731 579 1788 flare
598 1731 702 1790 reflare
723 1732 814 1792 Noti:

174 1848 266 1908 Atria
285 1855 352 1909 tum
373 1850 491 1910 subitus
511 1851 660 1910 concussit
680 1871 770 1919 rauca
789 1850 947 1922 tumultus,

215 1965 294 2023 Fons
313 1970 360 2024 ter
379 1966 499 2024 vicenos
519 1965 700 2043 exsiluitque
719 1967 821 2043 pedes!

175 2114 339 2192 Disjectam
360 2136 466 2194 saepem
485 2117 595 2189 videas,
619 2138 800 2196 expansoque
820 2118 920 2197 signa3

216 2233 307 2291 Pocla
327 2254 408 2311 puer,
432 2254 512 2293 ceras
532 2235 650 2293 villicus
670 2236 813 2312 arripuit:

174 2343 274 2405 Ardet
293 2347 413 2404 flmma
432 2346 504 2419 foco,
525 2347 597 2404 nido
617 2349 797 2405 exturbatur
815 2346 945 2404 hirundo
951 2365 962 2420 3

214 2461 366 2520 Psittacus
387 2466 417 2520 et
437 2479 520 2537 pavo,
545 2460 656 2518 stridor
673 2467 808 2539 uterque,
831 2461 976 2519 fremunt:

174 2575 265 2634 Pusio
285 2577 497 2653 praetrepidans
517 2577 631 2635 ancillae
648 2577 749 2654 jurgia
768 2576 863 2634 nectit
869 2594 879 2650 ς

214 2691 301 2749 Inter
321 2711 351 2749 se
371 2691 472 2749 fractis
492 2694 612 2750 intonat
632 2692 701 2749 aula
721 2691 816 2765 sonis3

175 2803 223 2877 Et,
247 2824 413 2881 compressa
434 2805 494 2878 din,
516 2806 562 2865 vis
582 2807 653 2864 vitae
675 2805 814 2878 exsultat,
836 2811 873 2863 ut
893 2804 989 2862 amnis

216 2917 362 2996 Spumeus
382 2919 544 2996 abruptum
564 2920 618 2996 qui
638 2920 701 2978 ruit
720 2920 754 2978 in
774 2919 955 2978 barathrum.

175 3077 320 3151 Ultimus,
342 3096 465 3136 excussa
484 3077 650 3136 tremefacti
670 3078 750 3134 nube
770 3077 890 3154 soporis,

215 3189 285 3248 Rex
305 3196 394 3268 caput
414 3196 520 3249 aurato
540 3191 663 3248 sustulit
682 3191 715 3248 in
735 3190 809 3248 solio
814 3210 824 3264 3

176 3304 429 3382 Contrectansque
448 3325 538 3382 genas
558 3305 620 3363 haec
641 3324 691 3363 orc
710 3305 847 3382 profatur
865 3304 981 3380 hiuloo;

217 3420 314 3478 ‘Proh
336 3420 458 3498 Superi!
483 3421 562 3479 facta
582 3425 627 3478 est
647 3419 728 3497 regia
748 3420 840 3478 barba
859 3419 948 3478 mihil
