2514 4096
353 354 628 416 ‘ARUNDINES
652 353 764 418 OAMJ.
985 359 1045 418 235

447 849 574 930 benecia
593 855 692 929 cette.

177 1001 290 1064 PARVA
310 1005 498 1084 vagabundos
519 1007 651 1086 Bepepia
671 1006 802 1085 perdidit
822 1024 921 1086 egnes,

217 1101 259 1158 Et
279 1103 415 1180 sequitur
434 1104 554 1176 frustra,
576 1123 631 1161 nec
650 1105 778 1182 reperire
798 1109 913 1182 potest:

178 1197 306 1274 Bellula,
327 1207 405 1273 eant,
427 1202 549 1270 abeant:
571 1203 610 1260 ad
628 1221 736 1279 pascua
756 1207 828 1261 nota
848 1201 997 1275 redibunt,

218 1295 260 1355 Et
280 1296 401 1356 reduces
421 1298 530 1356 caudas
549 1304 618 1375 post
637 1318 691 1357 sue
710 1304 794 1377 terga
813 1303 925 1376 gerent

178 1466 340 1547 Indulgens
359 1468 475 1547 placido
495 1469 627 1547 Bopepia
646 1488 738 1546 parva
757 1469 855 1547 sopori

205 1559 376 1624 'Balantem
395 1567 525 1625 attonita
544 1567 670 1644 percipit
689 1586 761 1625 aure
781 1583 915 1646 gregem:

178 1661 297 1734 Audiit,
318 1664 440 1723 exiluit:
462 1665 620 1722 solvuntur
640 1664 754 1722 somnia
773 1664 852 1723 risu:

217 1760 313 1831 Quam
333 1763 419 1840 petis,
440 1763 555 1837 infelix,
576 1782 637 1821 non
657 1768 723 1822 erat
741 1762 795 1821 illa
814 1760 932 1821 cohors!

177 1929 242 1988 Nec
261 1949 358 2005 mora3
375 1931 441 2008 jam
460 1950 585 1990 curvum
605 1930 712 1990 dextre
730 1933 871 1992 vibrante
887 1932 1035 2006 bacillum,

177 2080 180 2088 ,
218 2026 376 2087 ‘Omnibus
395 2029 429 2087 in
448 2028 570 2087 latebris
589 2029 800 2104 invenientur‚’
822 2032 865 2090 ait
871 2052 882 2105 3

174 2123 355 2204 Invenitque
375 2127 508 2205 quidem:
529 2126 581 2184 sed
601 2146 661 2204 quo
681 2127 855 2207 miserabilis
875 2148 935 2200 ore,

216 2222 293 2281 (lum
312 2222 389 2280 nihil
409 2241 428 2279 a
447 2223 539 2300 tergis
559 2231 643 2299 esset,
664 2230 701 2283 ut
721 2244 782 2285 esse
802 2226 892 2285 solet!

176 2393 310 2464 Quodam
330 2395 406 2454 forte
426 2397 474 2457 die
493 2397 597 2476 palens
617 2416 671 2474 per
688 2396 793 2455 florida
812 2415 885 2456 rura.

214 2490 307 2568 Pepia
326 2492 501 2570 contiguum
521 2494 696 2552 deveniebat
715 2513 829 2570 agrum,

173 2588 291 2648 Arbore
310 2610 379 2649 cum
398 2592 501 2670 patula
521 2592 659 2669 dispansa
678 2592 713 2649 in
732 2592 792 2650 sole
812 2609 916 2650 sereno
1021 2615 1025 2623 ·

214 2687 274 2746 Pro
293 2689 389 2767 pudor
400 2693 417 2770 l
429 2709 469 2748 ex
487 2690 607 2748 natibus
627 2695 714 2767 rapta
733 2694 844 2767 tropaea
864 2687 955 2749 videt.

173 2857 326 2936 Ingemuit
344 2859 437 2938 virgo,
457 2860 667 2937 lacrimamque
686 2859 824 2919 abstersit
843 2859 960 2920 ocellis:

214 2956 293 3016 Tum
311 2979 405 3037 prona
423 2959 457 3017 in
476 2959 587 3018 medias
606 2978 660 3036 per
675 2958 749 3035 juga
767 2957 864 3016 fertur
883 2976 952 3015 oves
961 2975 972 3031 3

173 3033 372 3134 Tentavitque
391 3055 520 3131 modum,
541 3057 567 3114 si
587 3075 646 3135 quc
665 3057 740 3115 bene
759 3055 864 3114 sedula
882 3060 981 3115 custus

213 3153 359 3212 Assueret
378 3154 479 3212 caudis
498 3153 597 3212 omnia
616 3159 700 3230 terga
719 3153 788 3216 suis.

878 3275 916 3320 Η.
928 3277 958 3321 D.
