2514 4096
374 337 631 400 ARUNDINES
655 338 767 400 OAMI.
1005 340 1042 399 49

176 712 318 772 Protinus
339 712 443 787 audiri,
465 713 514 771 cui
533 732 586 790 per
606 713 734 772 coelestia
752 732 844 790 regna

177 830 339 904 Graaeanti,
360 837 397 889 ut
417 831 519 890 lumen
538 832 663 909 majorca
683 833 788 891 crescit
808 833 841 891 in
861 834 952 907 orbes,

175 955 323 1019 Unanimi
343 960 501 1032 assurgunt
522 954 636 1032 Superi.
680 955 766 1014 ‘Tibi
785 956 862 1034 regis
881 956 1014 1029 honores,

176 1076 302 1135 Intactae
322 1075 446 1137 ditionis
465 1095 541 1153 opes,
564 1095 754 1154 quascunque
774 1077 822 1134 vel
842 1095 914 1135 arva

177 1194 324 1253 Fluminis
344 1195 383 1253 ad
401 1196 482 1274 ripae
501 1195 708 1255 interlabentio
728 1216 856 1255 amoenaa

175 1319 300 1379 Fertilia
320 1320 480 1394 effundant,
502 1321 550 1379 vel
570 1327 651 1380 terra
670 1322 773 1380 effossa
792 1321 920 1379 metallis

176 1441 294 1503 Reddat
313 1442 509 1516 inexhaustiS,
529 1462 597 1501 mea
616 1449 687 1501 sunt
707 1442 860 1501 donanda:
881 1439 930 1500 vel
949 1441 1036 1499 urbes

176 1566 272 1644 Larga
292 1586 309 1625 e
329 1568 473 1644 congestis
493 1587 559 1645 quae
574 1564 737 1644 'vectigalia
756 1567 833 1645 gazis

177 1687 381 1761 Contulerint3
402 1687 557 1766 pelagique
577 1689 679 1766 procul
699 1689 828 1765 cogenda
847 1705 901 1764 per
920 1687 1022 1759 undas,

176 1809 243 1878 Qua
262 1809 359 1867 vitreo
379 1809 412 1866 in
431 1814 535 1886 portus
554 1808 729 1886 glomeratos
749 1826 865 1884 aequore
885 1807 978 1864 malos

174 1930 353 2009 Despiciunt
372 1937 487 1991 veteres
506 1931 628 1989 summis
648 1951 666 1988 a
686 1929 819 1989 turribus
839 1927 937 1989 arces!

217 2303 301 2362 “Ida
313 2323 419 2377 meam,
435 2303 579 2381 genetrix,
593 2324 671 2363 mors
684 2304 813 2377 advenit,
825 2305 922 2380 accipe
932 2323 1040 2363 vocem.

176 2426 223 2484 ‘A
242 2424 307 2499 me,'
330 2427 479 2500 continue,
503 2427 578 2484 ‘tibi
597 2426 731 2485 derivata
750 2426 862 2503 vigebit

175 2549 235 2607 Illa
254 2549 368 2608 homini
388 2550 456 2607 finis
476 2570 584 2623 rerum,
606 2557 772 2627 opportuna
793 2549 934 2622 Potestas,

175 2671 232 2730 Oui
252 2673 356 2730 nutrix
377 2672 525 2750 propriam
545 2672 660 2731 dederit
680 2673 831 2751 Sapientia
849 2673 963 2732 aedemt

174 2794 266 2854 Unde
286 2801 318 2853 et
336 2795 466 2867 finitimi,
487 2794 579 2852 donec
599 2795 745 2852 moritura
765 2795 895 2871 resignet

174 2917 298 2996 Sceptra
316 2937 432 2990 manus,
453 2936 535 2994 reges
556 2916 666 2974 sociata
687 2923 717 2974 et
738 2917 857 2975 subdita
873 2919 1004 2996 jungant

173 3040 195 3099 J
199 3060 252 3099 ura
271 3042 343 3114 tuia-
382 3041 459 3113 Tibi,
479 3047 581 3117 pastor
600 3041 704 3114 adhuc,
726 3042 777 3099 sed
797 3042 878 3118 regia
897 3041 1000 3118 proice,

174 3161 258 3231 Haec,
278 3161 381 3239 regina
401 3160 508 3235 Deum,
530 3181 596 3237 quaa
617 3161 678 3218 sint
698 3162 872 3238 gratissima,
895 3181 994 3236 servo;

174 3282 246 3342 Non
266 3283 355 3342 aliter
375 3282 432 3340 Dia
451 3283 604 3359 aequando,
625 3288 709 3341 trena
728 3283 863 3342 fulminis
883 3290 984 3343 ortum

174 3407 336 3466 AEternam
355 3409 451 3466 nactis
471 3408 590 3484 propria
608 3408 689 3465 inter
709 3427 800 3485 regna
819 3406 968 3486 quietern’
