2514 4096
368 337 626 399 ARUNDINES
650 338 762 401 OAMJ.
980 335 1037 398 337

480 684 566 758 Quod
583 685 651 744 rue

212 817 301 878 Hunc
321 839 426 897 rupem
445 820 558 879 insideo
578 819 669 877 meris

171 915 315 975 Demissis
335 917 436 988 oeulis,
457 917 557 975 tristis
577 916 725 974 somnians
731 934 741 989 ;

213 1013 271 1073 sed
291 1034 352 1073 non
371 1015 491 1092 agmina
511 1015 621 1088 Protei,

172 1110 238 1170 Nec
257 1132 392 1190 mergum
410 1113 536 1171 comitor
555 1133 608 1191 per
627 1113 705 1172 freta
724 1105 889 1190 praepetem

212 1243 268 1316 En,
290 1262 406 1301 remum
426 1242 503 1301 senis
523 1241 605 1300 illius

172 1339 368 1418 Plangentem
386 1341 420 1397 in
439 1340 544 1417 gelidis
563 1340 712 1398 fiuetubus
732 1338 828 1411 audie,

212 1443 346 1520 Risuque
366 1443 578 1502 innumerabili

174 1541 333 1601 Undarum
352 1542 475 1619 invigilo
495 1541 562 1600 lene
582 1539 758 1618 sequacium.

425 1749 427 1753 ¹
472 1712 558 1786 Quod
574 1709 656 1773 Sum.

213 1848 261 1907 Ae
280 1846 354 1905 remi
375 1844 488 1903 sonitus
508 1843 584 1901 mihi

174 1946 300 2005 Nullam
320 1944 451 2003 tristitiae
472 1943 566 2001 movil
586 1942 745 2018 imaginem
754 1959 765 2016 3

216 2044 361 2120 Quodque
381 2043 414 2100 in
435 2061 506 2100 sexa
525 2040 588 2098 ruit
608 2059 698 2111 mare,

175 2144 273 2214 Quam
293 2142 397 2200 laetum
416 2139 546 2212 fremuit,
569 2158 659 2216 quam
679 2137 803 2196 fremuit
822 2137 937 2195 ferum!

479 2308 565 2382 Quod
581 2308 650 2368 Ful.

214 2443 351 2502 Insontis
370 2442 497 2501 redeunt
516 2440 592 2498 mihi

175 2541 345 2618 Felicesque
366 2540 431 2598 soni
452 2545 483 2597 et
502 2539 566 2597 vise
586 2537 717 2615 puertiae,

216 2641 318 2710 Quum
338 2658 443 2695 norem
462 2636 539 2694 nihil
559 2638 693 2709 arduum,

175 2737 240 2796 Nee
260 2756 376 2813 sperare
395 2736 493 2808 nimis,
514 2754 568 2794 nee
588 2741 715 2794 tremere
735 2735 888 2812 impotens.

480 2906 566 2979 Quod
583 2905 666 2967 Sum.

214 3039 422 3118 Nequiequum
443 3040 580 3117 quereris,
602 3037 711 3095 miseri

176 3135 285 3195 Annos
306 3143 335 3195 ei
355 3156 475 3195 revoces
494 3156 555 3193 non
575 3134 772 3193 revocabilesl

216 3235 368 3294 Insomnis
387 3255 458 3312 repe
478 3235 593 3293 sidere:

176 3331 244 3391 Pax
263 3352 325 3391 non
345 3337 390 3391 esi
410 3331 533 3405 homini,
553 3348 608 3388 nec
628 3330 745 3407 requies
764 3328 828 3387 tibi.

888 3442 918 3484 Η.
934 3442 963 3484 Ι).
