2514 4096
365 325 624 386 ARUNDINES
648 326 765 388 OAMJ.
983 332 1041 393 279

495 703 536 768 itu
556 705 633 770 vec.

173 852 372 913 Oorsvrrmnr
391 853 481 911 roseis
501 853 619 912 suffusae
638 852 747 912 risibus
767 851 869 928 Horae,

211 967 303 1027 Veris
321 967 423 1043 honos,
445 967 566 1046 Paphiae
586 968 683 1046 grutiu
701 968 799 1047 prime
818 969 899 1028 Deae.

173 1083 277 1143 Dulcis
296 1085 334 1142 ab
353 1084 478 1166 hiberno
498 1084 630 1142 surrexit
650 1083 740 1142 Flora
760 1083 852 1142 cubili
861 1103 871 1157 3

212 1197 244 1256 N
245 1218 278 1258 ec
297 1218 386 1272 mora,
407 1219 570 1277 purpureas
590 1199 720 1277 explicat
739 1217 836 1256 annus
855 1217 932 1276 opes.

173 1311 287 1388 Atthis,
308 1318 339 1372 et
359 1314 474 1373 alterno
493 1315 672 1393 respondens
692 1334 764 1373 voce
784 1313 923 1387 cucullus,

213 1428 346 1490 Indoctis
366 1432 477 1490 iterant
498 1432 629 1490 carmina
649 1451 741 1490 vernn
760 1430 855 1487 modis
864 1450 874 1504 3

174 1542 256 1602 Dum
275 1545 350 1604 festo
370 1545 485 1605 intereo
504 1565 644 1623 reparans
664 1564 718 1603 sua
737 1544 847 1622 gaudia
866 1542 949 1616 flatu,

214 1659 380 1719 Oaeruleum
399 1660 552 1739 Zephyrus
572 1660 683 1719 mulcet
702 1659 790 1718 odore
809 1658 922 1737 polum.

174 1813 305 1885 Quercus
324 1816 377 1875 ubi
397 1816 493 1875 radios
514 1815 644 1874 obscuris
664 1814 818 1873 frondibus
838 1819 927 1887 arcet,

213 1931 317 1990 Latior
337 1938 368 1991 et
388 1933 489 2008 soltus,
512 1932 632 1990 densior
651 1931 766 2004 umbra,
787 1930 909 2006 subest3

174 2046 295 2125 Frigida
314 2067 374 2126 qua
392 2048 489 2126 pinus,
509 2065 668 2124 muscoque
688 2045 840 2104 recondite
859 2045 951 2123 fagus,

215 2164 379 2243 Suppositae
398 2170 524 2226 nectunt
543 2164 655 2242 pensile
675 2169 795 2242 tegmen
815 2161 907 2219 humo
917 2181 927 2235 3

173 2279 220 2338 Sit
239 2280 322 2355 mihi,
343 2281 416 2340 dum
434 2282 524 2340 luxus
544 2287 635 2358 atque
655 2280 717 2338 otio
736 2277 849 2336 rustice
869 2295 965 2354 carpe,

213 2397 256 2456 Et
270 2399 354 2476 jaceo
373 2399 411 2459 ad
430 2400 510 2478 ripas
529 2398 615 2458 dulce
635 2396 780 2456 morantis
801 2414 892 2472 aquae‚

173 2507 221 2568 Sit
239 2511 316 2568 mihi
335 2530 403 2570 cum
423 2509 512 2570 Musa
531 2510 616 2589 vulgi
636 2515 768 2588 spectare
788 2508 947 2581 tumultus,

214 2624 322 2696 Quota
341 2645 409 2685 cum
429 2632 541 2704 quanto
560 2632 631 2685 vota
651 2626 750 2684 furore
770 2629 855 2704 petet
864 2642 874 2696 3

174 2738 271 2808 Quam
291 2759 384 2798 vacuo
404 2745 519 2801 tumeat
539 2759 648 2799 vesano
668 2739 806 2816 superbio
824 2738 905 2796 fastu
913 2756 925 2812 3

215 2852 287 2924 Quae
307 2853 348 2913 sit
368 2853 401 2912 in
420 2854 538 2933 egregie
557 2854 717 2913 nobilitate
736 2853 848 2912 famesl

173 3008 316 3068 Rusticus
336 3011 453 3088 excepit
472 3012 570 3093 posito
591 3011 697 3070 sudore
717 3011 858 3090 quietem,

215 3124 286 3184 Otie
304 3145 359 3204 per
378 3146 496 3205 campos
515 3127 592 3186 fesso
607 3128 738 3205 juvence
757 3127 854 3204 petit:

172 3238 295 3314 Audin'‚
317 3240 402 3318 queis
421 3241 517 3300 turbis
537 3242 699 3320 glomerata
718 3239 925 3319 frequentibus
944 3256 1018 3297 eura

213 3354 347 3428 Fervent,
369 3353 494 3414 assiduis
513 3355 615 3414 vivida
634 3355 714 3414 fecta
733 3353 834 3417 sonist
