2514 4096
374 360 636 421 ARUNDINES
662 361 773 422 OAMJ.
991 361 1050 419 315

141 535 186 594 καὶ
207 535 298 616 κύκλιρ
318 540 467 618 σελαγοΰν,
490 535 600 615 κυρτὴν,
623 535 659 600 ὦς
674 535 784 613 Ἴριδος,
807 535 888 612 οἶμον

139 631 255 709 ἤλασεν,
277 633 313 698 οἷς
333 633 380 696 ὅτε
400 661 446 696 κεν
466 634 570 713 νύκτωρ
591 636 721 696 ναύταισι
742 634 843 712 φανείη

138 729 204 806 ηὀΰς
224 730 347 812 α’ρκτῴας
365 734 523 811 βλέφαρον,
546 733 591 793 ὅθι
611 733 736 811 πρώονας
755 732 857 811 ἄκρους

138 830 296 907 χειμερίους
316 830 438 892 ὠθοῦσιν
458 830 500 890 ἐπ’
520 830 678 907 ἀλλήλοισι
699 830 842 903 κλύδωνες,

138 927 226 988 δεινδν
246 928 269 988 δ’
290 927 413 1009 α’ρκτῴας
432 929 569 1007 βρέμεται
589 929 653 1007 πέρι
674 932 748 1006 κῦμα
769 926 928 1003 θαλάσσης·

137 1022 173 1086 ὣς
192 1023 340 1106 σελάγησε
360 1025 557 1104 Σιδηροτόμος,
578 1025 614 1089 ὣς
634 1025 740 1087 πόντον
761 1025 845 1085 ἵκανε.

137 1121 203 1198 πρὶν
223 1123 253 1181 δὲ
273 1124 362 1204 θιγεῖν
381 1122 487 1184 ὑδάτων
506 1123 563 1183 τότ’
584 1122 627 1201 ἄρ’
648 1149 740 1187 αντιος
760 1121 832 1199 ἦλθε
852 1119 982 1199 βραχίων

137 1219 220 1300 ἔγχεϊ,
243 1220 390 1297 δαιμόνιος,
414 1220 583 1299 θαυμαστὸς,
604 1221 753 1300 ὑφάσματι
774 1222 863 1299 λευκηῖ

135 1319 312 1394 παμφαίνων,
334 1319 429 1396 κύπην
447 1320 472 1382 τ’
494 1322 606 1398 ἔλαβεν,
628 1322 687 1399 τρὶς
707 1318 729 1379 δ’
750 1317 841 1396 ἀμφὶς
862 1315 953 1386 ἕλιξεν

132 1411 232 1494 ’ύψόθε,
253 1415 327 1476 κάδδ
348 1415 421 1477 ὦσεν
440 1416 542 1496 λίμνης
560 1415 615 1477 aiud
637 1421 711 1495 κῦμα
731 1417 869 1491 κελαινῆς.
998 1493 1000 1497 ,

846 1533 872 1573 E·
888 1531 922 1574 W.
939 1531 966 1570 B·

459 1735 506 1798 Qu
527 1736 693 1798 volutum.

135 1866 294 1926 Iuemima
315 1869 468 1944 magicum,
491 1869 647 1926 voluerum
668 1869 848 1941 suavissime,
871 1872 1005 1927 carmen!

176 1964 224 2020 Ex
244 1965 304 2022 ima
323 1960 452 2042 liquidos
473 1967 511 2023 da
532 1967 607 2029 mihi
627 1986 699 2024 voce
720 1967 837 2025 modos:

136 2062 162 2118 Ο
183 2062 301 2119 utinam
322 2063 412 2120 viridi
433 2083 547 2139 semper
567 2063 622 2121 sub
642 2064 747 2122 fronde
768 2083 908 2135 morarer,

176 2159 223 2217 Ut
243 2160 352 2237 linguae
372 2163 543 2220 imbiberem
567 2163 675 2220 mellea
694 2163 786 2220 verba
807 2164 884 2220 tuse!

134 2269 219 2348 Ante
233 2291 325 2367 jubar
345 2292 528 2349 matutinum
549 2292 704 2368 lucemque
727 2292 787 2350 diei

175 2388 315 2446 Gutturis
335 2390 437 2447 audivi
458 2391 545 2449 dulce
566 2392 723 2448 trementis
745 2391 834 2466 op‘us3

134 2485 267 2562 Vespere
287 2491 318 2543 et
337 2487 371 2543 in
391 2488 578 2564 seroumolles
595 2488 713 2545 fluitare
733 2506 786 2563 per
807 2484 927 2542 umbras

175 2583 314 2641 Carmina
334 2584 443 2642 lasciva
463 2585 638 2643 continuata
658 2605 749 2642 mora.
846 2643 850 2653 ,

135 2714 276 2773 Conscius
296 2716 418 2773 artificis
438 2715 523 2787 labri,
545 2716 689 2792 famaeque
710 2716 855 2786 canentis,

175 2811 241 2881 Quo
253 2813 327 2894 ‘leve
348 2813 450 2870 divino
470 2813 570 2870 fundis
591 2814 628 2869 ab
649 2832 699 2870 ore
720 2796 830 2872 melos!

118 2911 177 2968 Et
196 2911 253 2968 tibi
273 2912 299 2968 si
319 2911 437 2988 quando
458 2911 581 2968 alternis
601 2912 777 2986 respondeat
798 2930 881 2984 uxor,

174 3009 284 3068 Omnia
304 3010 436 3067 facundae
456 3009 577 3087 praemia
597 3010 677 3067 vocis
697 3009 794 3067 habes.

54 3138 56 3142 ⁴
134 3141 213 3219 Ergo
234 3144 324 3202 iteras
345 3148 474 3217 cantum,
496 3142 555 3199 fido
575 3142 737 3219 inspiratus
757 3162 872 3219 am0r03

177 3243 236 3300 Illa
255 3244 305 3320 pia
324 3261 462 3300 numeros
482 3242 604 3318 corripit
625 3262 697 3299 aure
717 3247 804 3301 tuos:

136 3343 278 3420 Dumque
297 3348 401 3418 tepent
421 3342 542 3399 reduces
562 3341 649 3414 lunae,
671 3342 742 3398 dum
763 3343 911 3417 germinat
931 3341 1026 3417 arbor,

176 3442 262 3513 Quod
282 3462 397 3520 semper
417 3442 537 3515 recines,
559 3441 663 3498 audiet
682 3440 735 3498 illa
755 3441 855 3500 melos.

889 3565 964 3607 ΕΙ).
