<?xml version="1.0" encoding="UTF-8"?>
<!DOCTYPE html PUBLIC "-//W3C//DTD XHTML 1.0 Transitional//EN"
    "http://www.w3.org/TR/xhtml1/DTD/xhtml1-transitional.dtd">
<html xmlns="http://www.w3.org/1999/xhtml" xml:lang="en" lang="en">
 <head>
  <title>
</title>
<meta http-equiv="Content-Type" content="text/html;charset=utf-8" />
  <meta name='ocr-system' content='tesseract 3.04.00' />
  <meta name='ocr-capabilities' content='ocr_page ocr_carea ocr_par ocr_line ocrx_word'/>
</head>
<body>
  <div class='ocr_page' id='page_1' title='image "./arundinescamisi02drurgoog_0270.png"; bbox 0 0 2514 4096; ppageno 0'>
   <div class='ocr_carea' id='block_1_1' title="bbox 439 339 1108 405">
    <p class='ocr_par' dir='ltr' id='par_1_1' title="bbox 439 339 1108 405">
     <span class='ocr_line' id='line_1_1' title="bbox 439 339 1108 405; baseline 0.009 -7"><span class='ocrx_word' id='word_1_1' title='bbox 439 339 694 401; x_wconf 77' lang='lat' dir='ltr'><em>ARUNDINES</em></span> <span class='ocrx_word' id='word_1_2' title='bbox 718 339 832 403; x_wconf 70' lang='lat' dir='ltr'><strong>olm.</strong></span> <span class='ocrx_word' id='word_1_3' title='bbox 1049 343 1108 405; x_wconf 76' lang='lat'><strong>237</strong></span> 
     </span>
    </p>
   </div>
   <div class='ocr_carea' id='block_1_2' title="bbox 540 690 734 771">
    <p class='ocr_par' dir='ltr' id='par_1_2' title="bbox 540 690 734 771">
     <span class='ocr_line' id='line_1_2' title="bbox 540 690 734 771; baseline 0.015 -16"><span class='ocrx_word' id='word_1_4' title='bbox 540 690 581 756; x_wconf 80' lang='lat' dir='ltr'><strong>liu</strong></span> <span class='ocrx_word' id='word_1_5' title='bbox 600 693 734 771; x_wconf 51' lang='lat' dir='ltr'><strong>ventu.</strong></span> 
     </span>
    </p>
   </div>
   <div class='ocr_carea' id='block_1_3' title="bbox 204 840 1037 1303">
    <p class='ocr_par' dir='ltr' id='par_1_3' title="bbox 204 840 1037 1303">
     <span class='ocr_line' id='line_1_3' title="bbox 205 840 993 923; baseline 0.008 -24"><span class='ocrx_word' id='word_1_6' title='bbox 205 840 285 900; x_wconf 79' lang='lat' dir='ltr'><strong>Esus</strong></span> <span class='ocrx_word' id='word_1_7' title='bbox 304 841 408 919; x_wconf 86' lang='lat' dir='ltr'><strong>procul</strong></span> <span class='ocrx_word' id='word_1_8' title='bbox 429 841 550 916; x_wconf 83' lang='lat' dir='ltr'><strong>domini,</strong></span> <span class='ocrx_word' id='word_1_9' title='bbox 570 863 653 922; x_wconf 82' lang='lat' dir='ltr'><strong>reges</strong></span> <span class='ocrx_word' id='word_1_10' title='bbox 673 840 776 922; x_wconf 84' lang='lat' dir='ltr'><strong>procul</strong></span> <span class='ocrx_word' id='word_1_11' title='bbox 797 849 877 904; x_wconf 83' lang='lat' dir='ltr'><strong>estc:</strong></span> <span class='ocrx_word' id='word_1_12' title='bbox 904 847 993 923; x_wconf 74' lang='lat' dir='ltr'><strong>poeta</strong></span> 
     </span>
     <span class='ocr_line' id='line_1_4' title="bbox 244 938 914 1018; baseline 0.006 -22"><span class='ocrx_word' id='word_1_13' title='bbox 244 938 364 1017; x_wconf 79' lang='lat' dir='ltr'>Pauper</span> <span class='ocrx_word' id='word_1_14' title='bbox 382 940 416 998; x_wconf 88' lang='lat' dir='ltr'><strong>iu</strong></span> <span class='ocrx_word' id='word_1_15' title='bbox 436 941 538 1018; x_wconf 81' lang='lat' dir='ltr'><strong>ignota</strong></span> <span class='ocrx_word' id='word_1_16' title='bbox 558 940 686 1000; x_wconf 85' lang='lat' dir='ltr'><strong>dormiat</strong></span> <span class='ocrx_word' id='word_1_17' title='bbox 705 961 783 1000; x_wconf 88' lang='lat' dir='ltr'><strong>unus</strong></span> <span class='ocrx_word' id='word_1_18' title='bbox 802 941 894 1000; x_wconf 91' lang='lat' dir='ltr'><strong>humo</strong></span> <span class='ocrx_word' id='word_1_19' title='bbox 903 961 914 1017; x_wconf 82' lang='lat'>3</span> 
     </span>
     <span class='ocr_line' id='line_1_5' title="bbox 204 1034 1037 1119; baseline 0.01 -26"><span class='ocrx_word' id='word_1_20' title='bbox 204 1034 327 1094; x_wconf 79' lang='lat' dir='ltr'><strong>Talibus</strong></span> <span class='ocrx_word' id='word_1_21' title='bbox 347 1036 396 1095; x_wconf 92' lang='lat' dir='ltr'><strong>hic</strong></span> <span class='ocrx_word' id='word_1_22' title='bbox 416 1057 569 1117; x_wconf 83' lang='lat' dir='ltr'><strong>nunquam</strong></span> <span class='ocrx_word' id='word_1_23' title='bbox 589 1038 708 1098; x_wconf 78' lang='lat' dir='ltr'><strong>studuit</strong></span> <span class='ocrx_word' id='word_1_24' title='bbox 726 1038 871 1117; x_wconf 77' lang='lat' dir='ltr'><strong>placuisse</strong></span> <span class='ocrx_word' id='word_1_25' title='bbox 889 1040 1037 1119; x_wconf 83' lang='lat' dir='ltr'><strong>patronis:</strong></span> 
     </span>
     <span class='ocr_line' id='line_1_6' title="bbox 245 1133 1022 1217; baseline 0.006 -26"><span class='ocrx_word' id='word_1_26' title='bbox 245 1133 328 1192; x_wconf 91' lang='lat' dir='ltr'><strong>Dum</strong></span> <span class='ocrx_word' id='word_1_27' title='bbox 347 1135 422 1213; x_wconf 81' lang='lat' dir='ltr'><strong>legit</strong></span> <span class='ocrx_word' id='word_1_28' title='bbox 441 1135 503 1196; x_wconf 84' lang='lat' dir='ltr'><strong>haec</strong></span> <span class='ocrx_word' id='word_1_29' title='bbox 522 1137 630 1196; x_wconf 76' lang='lat' dir='ltr'><strong>rubeat</strong></span> <span class='ocrx_word' id='word_1_30' title='bbox 649 1137 772 1196; x_wconf 79' lang='lat' dir='ltr'><strong>Flaccus</strong></span> <span class='ocrx_word' id='word_1_31' title='bbox 793 1139 907 1217; x_wconf 85' lang='lat' dir='ltr'><strong>etipse</strong></span> <span class='ocrx_word' id='word_1_32' title='bbox 927 1137 1022 1196; x_wconf 82' lang='lat' dir='ltr'><strong>Marc.</strong></span> 
     </span>
     <span class='ocr_line' id='line_1_7' title="bbox 914 1260 1030 1303; baseline 0.009 -1"><span class='ocrx_word' id='word_1_33' title='bbox 914 1260 945 1303; x_wconf 76' lang='grc' dir='ltr'><strong>Ε.</strong></span> <span class='ocrx_word' id='word_1_34' title='bbox 963 1261 983 1302; x_wconf 92' lang='lat'><strong>1.</strong></span> <span class='ocrx_word' id='word_1_35' title='bbox 999 1260 1030 1303; x_wconf 81' lang='grc' dir='ltr'><strong>Η.</strong></span> 
     </span>
    </p>
   </div>
   <div class='ocr_carea' id='block_1_4' title="bbox 524 1399 769 1412">
    <p class='ocr_par' dir='ltr' id='par_1_4' title="bbox 524 1399 769 1412">
     <span class='ocr_line' id='line_1_8' title="bbox 524 1399 769 1412; baseline 0.008 -2"><span class='ocrx_word' id='word_1_36' title='bbox 524 1399 769 1412; x_wconf 72' lang='lat'><strong>-—</strong></span> 
     </span>
    </p>
   </div>
   <div class='ocr_carea' id='block_1_5' title="bbox 348 1603 930 1686">
    <p class='ocr_par' dir='ltr' id='par_1_5' title="bbox 348 1603 930 1686">
     <span class='ocr_line' id='line_1_9' title="bbox 348 1603 930 1686; baseline -0.009 -11"><span class='ocrx_word' id='word_1_37' title='bbox 348 1603 461 1675; x_wconf 54' lang='lat' dir='ltr'><strong>wiso</strong></span> <span class='ocrx_word' id='word_1_38' title='bbox 482 1603 546 1686; x_wconf 74' lang='lat' dir='ltr'><strong>qus</strong></span> <span class='ocrx_word' id='word_1_39' title='bbox 565 1612 653 1669; x_wconf 74' lang='lat' dir='ltr'><strong>tetum</strong></span> <span class='ocrx_word' id='word_1_40' title='bbox 674 1611 757 1686; x_wconf 65' lang='lat' dir='ltr'><strong>utute</strong></span> <span class='ocrx_word' id='word_1_41' title='bbox 775 1604 930 1674; x_wconf 74' lang='lat' dir='ltr'><strong>scutatis.</strong></span> 
     </span>
    </p>
   </div>
   <div class='ocr_carea' id='block_1_6' title="bbox 208 1737 1049 2584">
    <p class='ocr_par' dir='ltr' id='par_1_6' title="bbox 208 1737 1033 1919">
     <span class='ocr_line' id='line_1_10' title="bbox 208 1737 1033 1821; baseline 0.004 -23"><span class='ocrx_word' id='word_1_42' title='bbox 208 1738 255 1799; x_wconf 80' lang='lat' dir='ltr'><strong>Tu</strong></span> <span class='ocrx_word' id='word_1_43' title='bbox 274 1737 415 1800; x_wconf 75' lang='lat' dir='ltr'><strong>Primum</strong></span> <span class='ocrx_word' id='word_1_44' title='bbox 434 1742 557 1801; x_wconf 84' lang='lat' dir='ltr'><strong>incauto</strong></span> <span class='ocrx_word' id='word_1_45' title='bbox 577 1743 706 1801; x_wconf 91' lang='lat' dir='ltr'><strong>nimium</strong></span> <span class='ocrx_word' id='word_1_46' title='bbox 724 1742 907 1821; x_wconf 84' lang='lat' dir='ltr'><strong>propiusque</strong></span> <span class='ocrx_word' id='word_1_47' title='bbox 926 1741 1033 1815; x_wconf 79' lang='lat' dir='ltr'><strong>tuenti,</strong></span> 
     </span>
     <span class='ocr_line' id='line_1_11' title="bbox 248 1838 909 1919; baseline 0.005 -22"><span class='ocrx_word' id='word_1_48' title='bbox 248 1838 355 1913; x_wconf 76' lang='lat' dir='ltr'><strong>Laura,</strong></span> <span class='ocrx_word' id='word_1_49' title='bbox 376 1839 451 1898; x_wconf 90' lang='lat' dir='ltr'><strong>mihi</strong></span> <span class='ocrx_word' id='word_1_50' title='bbox 471 1839 577 1898; x_wconf 85' lang='lat' dir='ltr'><strong>furtim</strong></span> <span class='ocrx_word' id='word_1_51' title='bbox 596 1840 772 1918; x_wconf 82' lang='lat' dir='ltr'><strong>surripuisse</strong></span> <span class='ocrx_word' id='word_1_52' title='bbox 792 1859 909 1919; x_wconf 84' lang='lat' dir='ltr'><strong>queror.</strong></span> 
     </span>
    </p>

    <p class='ocr_par' dir='ltr' id='par_1_7' title="bbox 208 1936 1023 2112">
     <span class='ocr_line' id='line_1_12' title="bbox 208 1936 1023 2011; baseline 0.001 -16"><span class='ocrx_word' id='word_1_53' title='bbox 208 1936 272 1996; x_wconf 85' lang='lat' dir='ltr'><strong>Nee</strong></span> <span class='ocrx_word' id='word_1_54' title='bbox 292 1942 393 1996; x_wconf 79' lang='lat' dir='ltr'><strong>temen</strong></span> <span class='ocrx_word' id='word_1_55' title='bbox 411 1936 467 2005; x_wconf 87' lang='lat' dir='ltr'><strong>hoc</strong></span> <span class='ocrx_word' id='word_1_56' title='bbox 487 1938 603 1997; x_wconf 89' lang='lat' dir='ltr'><strong>furtum</strong></span> <span class='ocrx_word' id='word_1_57' title='bbox 622 1938 679 1998; x_wconf 90' lang='lat' dir='ltr'><strong>tibi</strong></span> <span class='ocrx_word' id='word_1_58' title='bbox 700 1938 865 1998; x_wconf 84' lang='lat' dir='ltr'><strong>condonare</strong></span> <span class='ocrx_word' id='word_1_59' title='bbox 883 1957 1023 2011; x_wconf 81' lang='lat' dir='ltr'><strong>recusem,</strong></span> 
     </span>
     <span class='ocr_line' id='line_1_13' title="bbox 248 2033 858 2112; baseline 0.003 -20"><span class='ocrx_word' id='word_1_60' title='bbox 248 2033 282 2092; x_wconf 85' lang='lat' dir='ltr'><strong>Si</strong></span> <span class='ocrx_word' id='word_1_61' title='bbox 301 2034 433 2112; x_wconf 85' lang='lat' dir='ltr'><strong>pretium</strong></span> <span class='ocrx_word' id='word_1_62' title='bbox 451 2033 508 2092; x_wconf 83' lang='lat' dir='ltr'><strong>tali</strong></span> <span class='ocrx_word' id='word_1_63' title='bbox 528 2035 641 2094; x_wconf 85' lang='lat' dir='ltr'><strong>solvere</strong></span> <span class='ocrx_word' id='word_1_64' title='bbox 662 2054 758 2094; x_wconf 84' lang='lat' dir='ltr'><strong>merce</strong></span> <span class='ocrx_word' id='word_1_65' title='bbox 777 2034 858 2094; x_wconf 83' lang='lat' dir='ltr'><strong>velis</strong></span> 
     </span>
    </p>

    <p class='ocr_par' dir='ltr' id='par_1_8' title="bbox 209 2130 1049 2309">
     <span class='ocr_line' id='line_1_14' title="bbox 209 2130 1049 2210; baseline 0.002 -20"><span class='ocrx_word' id='word_1_66' title='bbox 209 2130 268 2191; x_wconf 79' lang='lat' dir='ltr'><strong>Sed</strong></span> <span class='ocrx_word' id='word_1_67' title='bbox 288 2151 347 2210; x_wconf 89' lang='lat' dir='ltr'><strong>quo</strong></span> <span class='ocrx_word' id='word_1_68' title='bbox 366 2133 434 2209; x_wconf 90' lang='lat' dir='ltr'><strong>plus</strong></span> <span class='ocrx_word' id='word_1_69' title='bbox 454 2132 589 2191; x_wconf 80' lang='lat' dir='ltr'><strong>candoris</strong></span> <span class='ocrx_word' id='word_1_70' title='bbox 608 2133 720 2191; x_wconf 84' lang='lat' dir='ltr'><strong>habent</strong></span> <span class='ocrx_word' id='word_1_71' title='bbox 738 2133 796 2192; x_wconf 90' lang='lat' dir='ltr'><strong>tibi</strong></span> <span class='ocrx_word' id='word_1_72' title='bbox 815 2133 891 2192; x_wconf 78' lang='lat' dir='ltr'><strong>colla</strong></span> <span class='ocrx_word' id='word_1_73' title='bbox 909 2131 1049 2208; x_wconf 75' lang='lat' dir='ltr'><strong>Secunde,</strong></span> 
     </span>
     <span class='ocr_line' id='line_1_15' title="bbox 249 2229 994 2309; baseline 0.007 -22"><span class='ocrx_word' id='word_1_74' title='bbox 249 2229 318 2288; x_wconf 87' lang='lat' dir='ltr'><strong>Hoc</strong></span> <span class='ocrx_word' id='word_1_75' title='bbox 337 2231 395 2290; x_wconf 88' lang='lat' dir='ltr'><strong>tibi</strong></span> <span class='ocrx_word' id='word_1_76' title='bbox 414 2230 482 2308; x_wconf 88' lang='lat' dir='ltr'><strong>plus</strong></span> <span class='ocrx_word' id='word_1_77' title='bbox 501 2230 640 2289; x_wconf 71' lang='lat' dir='ltr'><strong>Pctmum</strong></span> <span class='ocrx_word' id='word_1_78' title='bbox 659 2231 776 2309; x_wconf 81' lang='lat' dir='ltr'><strong>frigoris</strong></span> <span class='ocrx_word' id='word_1_79' title='bbox 795 2231 877 2290; x_wconf 90' lang='lat' dir='ltr'><strong>intus</strong></span> <span class='ocrx_word' id='word_1_80' title='bbox 897 2230 994 2293; x_wconf 78' lang='lat' dir='ltr'><strong>habet.</strong></span> 
     </span>
    </p>

    <p class='ocr_par' dir='ltr' id='par_1_9' title="bbox 209 2324 957 2504">
     <span class='ocr_line' id='line_1_16' title="bbox 209 2324 957 2406; baseline 0.007 -22"><span class='ocrx_word' id='word_1_81' title='bbox 209 2324 293 2404; x_wconf 78' lang='lat' dir='ltr'><strong>Saepe</strong></span> <span class='ocrx_word' id='word_1_82' title='bbox 313 2327 432 2386; x_wconf 83' lang='lat' dir='ltr'><strong>sinistra</strong></span> <span class='ocrx_word' id='word_1_83' title='bbox 452 2347 525 2386; x_wconf 79' lang='lat' dir='ltr'><strong>cava</strong></span> <span class='ocrx_word' id='word_1_84' title='bbox 544 2329 683 2406; x_wconf 86' lang='lat' dir='ltr'><strong>praedixit</strong></span> <span class='ocrx_word' id='word_1_85' title='bbox 703 2329 741 2387; x_wconf 85' lang='lat' dir='ltr'><strong>cb</strong></span> <span class='ocrx_word' id='word_1_86' title='bbox 761 2329 828 2388; x_wconf 87' lang='lat' dir='ltr'><strong>ilice</strong></span> <span class='ocrx_word' id='word_1_87' title='bbox 851 2329 957 2390; x_wconf 66' lang='lat' dir='ltr'><strong>roccas</strong></span> 
     </span>
     <span class='ocr_line' id='line_1_17' title="bbox 250 2423 940 2504; baseline 0.003 -19"><span class='ocrx_word' id='word_1_88' title='bbox 250 2423 368 2498; x_wconf 77' lang='lat' dir='ltr'><strong>Omine,</strong></span> <span class='ocrx_word' id='word_1_89' title='bbox 389 2429 421 2484; x_wconf 87' lang='lat' dir='ltr'><strong>et</strong></span> <span class='ocrx_word' id='word_1_90' title='bbox 440 2425 565 2484; x_wconf 79' lang='lat' dir='ltr'><strong>audaces</strong></span> <span class='ocrx_word' id='word_1_91' title='bbox 584 2446 649 2504; x_wconf 88' lang='lat' dir='ltr'><strong>spes</strong></span> <span class='ocrx_word' id='word_1_92' title='bbox 668 2431 753 2485; x_wconf 80' lang='lat' dir='ltr'><strong>vetut</strong></span> <span class='ocrx_word' id='word_1_93' title='bbox 772 2446 833 2486; x_wconf 82' lang='lat' dir='ltr'><strong>esse</strong></span> <span class='ocrx_word' id='word_1_94' title='bbox 853 2433 940 2487; x_wconf 80' lang='lat' dir='ltr'><strong>ratus</strong></span> 
     </span>
    </p>

    <p class='ocr_par' dir='ltr' id='par_1_10' title="bbox 643 2541 1036 2584">
     <span class='ocr_line' id='line_1_18' title="bbox 643 2541 1036 2584; baseline 0.003 -1"><span class='ocrx_word' id='word_1_95' title='bbox 643 2541 646 2546; x_wconf 68' lang='grc'>“</span> <span class='ocrx_word' id='word_1_96' title='bbox 967 2541 995 2584; x_wconf 69' lang='lat' dir='ltr'><strong>u</strong></span> <span class='ocrx_word' id='word_1_97' title='bbox 1011 2542 1036 2584; x_wconf 76' lang='grc' dir='ltr'><strong>Ρ.</strong></span> 
     </span>
    </p>
   </div>
   <div class='ocr_carea' id='block_1_7' title="bbox 521 2682 771 2699">
    <p class='ocr_par' dir='ltr' id='par_1_11' title="bbox 521 2682 771 2699">
     <span class='ocr_line' id='line_1_19' title="bbox 521 2682 771 2699; baseline 0.004 -1"><span class='ocrx_word' id='word_1_98' title='bbox 521 2682 771 2699; x_wconf 40' lang='lat' dir='ltr'><strong>—q</strong></span> 
     </span>
    </p>
   </div>
   <div class='ocr_carea' id='block_1_8' title="bbox 534 2905 754 2983">
    <p class='ocr_par' dir='ltr' id='par_1_12' title="bbox 534 2905 754 2983">
     <span class='ocr_line' id='line_1_20' title="bbox 534 2905 754 2983; baseline 0.005 -13"><span class='ocrx_word' id='word_1_99' title='bbox 534 2905 616 2983; x_wconf 59' lang='lat' dir='ltr'><strong>{blut</strong></span> <span class='ocrx_word' id='word_1_100' title='bbox 634 2906 754 2983; x_wconf 50' lang='lat' dir='ltr'><strong>luctati.</strong></span> 
     </span>
    </p>
   </div>
   <div class='ocr_carea' id='block_1_9' title="bbox 173 3036 1117 3420">
    <p class='ocr_par' dir='ltr' id='par_1_13' title="bbox 174 3036 1117 3223">
     <span class='ocr_line' id='line_1_21' title="bbox 174 3036 1117 3125; baseline 0.003 -23"><span class='ocrx_word' id='word_1_101' title='bbox 174 3041 262 3113; x_wconf 77' lang='lat' dir='ltr'><strong>Hmc</strong></span> <span class='ocrx_word' id='word_1_102' title='bbox 282 3036 443 3120; x_wconf 68' lang='lat' dir='ltr'><strong>stubbius,</strong></span> <span class='ocrx_word' id='word_1_103' title='bbox 457 3044 575 3106; x_wconf 81' lang='lat' dir='ltr'><strong>Hecate</strong></span> <span class='ocrx_word' id='word_1_104' title='bbox 582 3049 716 3125; x_wconf 80' lang='lat' dir='ltr'><strong>t—mugu</strong></span> <span class='ocrx_word' id='word_1_105' title='bbox 729 3045 868 3106; x_wconf 79' lang='lat' dir='ltr'><strong>Thessala</strong></span> <span class='ocrx_word' id='word_1_106' title='bbox 879 3046 976 3108; x_wconf 81' lang='lat' dir='ltr'><strong>uictut</strong></span> <span class='ocrx_word' id='word_1_107' title='bbox 987 3045 1021 3106; x_wconf 89' lang='lat' dir='ltr'><strong>in</strong></span> <span class='ocrx_word' id='word_1_108' title='bbox 1034 3046 1117 3107; x_wconf 82' lang='lat' dir='ltr'><strong>aula!</strong></span> 
     </span>
     <span class='ocr_line' id='line_1_22' title="bbox 213 3142 864 3223; baseline 0.005 -21"><span class='ocrx_word' id='word_1_109' title='bbox 213 3142 323 3202; x_wconf 78' lang='lat' dir='ltr'><strong>Sibilat</strong></span> <span class='ocrx_word' id='word_1_110' title='bbox 341 3144 452 3203; x_wconf 86' lang='lat' dir='ltr'><strong>inferni</strong></span> <span class='ocrx_word' id='word_1_111' title='bbox 472 3146 604 3205; x_wconf 87' lang='lat' dir='ltr'><strong>conscius</strong></span> <span class='ocrx_word' id='word_1_112' title='bbox 623 3146 701 3223; x_wconf 82' lang='lat' dir='ltr'><strong>ignis</strong></span> <span class='ocrx_word' id='word_1_113' title='bbox 721 3146 810 3223; x_wconf 78' lang='lat' dir='ltr'><strong>adeps</strong></span> <span class='ocrx_word' id='word_1_114' title='bbox 818 3147 864 3205; x_wconf 83' lang='lat' dir='ltr'><strong>l-</strong></span> 
     </span>
    </p>

    <p class='ocr_par' dir='ltr' id='par_1_14' title="bbox 173 3228 1005 3420">
     <span class='ocr_line' id='line_1_23' title="bbox 173 3228 943 3303; baseline 0.004 -4"><span class='ocrx_word' id='word_1_115' title='bbox 173 3240 243 3300; x_wconf 83' lang='lat' dir='ltr'><strong>Sola</strong></span> <span class='ocrx_word' id='word_1_116' title='bbox 263 3241 344 3300; x_wconf 86' lang='lat' dir='ltr'><strong>domi</strong></span> <span class='ocrx_word' id='word_1_117' title='bbox 363 3243 496 3303; x_wconf 86' lang='lat' dir='ltr'><strong>iuvenies</strong></span> <span class='ocrx_word' id='word_1_118' title='bbox 515 3242 651 3302; x_wconf 77' lang='lat' dir='ltr'><strong>salientia</strong></span> <span class='ocrx_word' id='word_1_119' title='bbox 671 3228 758 3302; x_wconf 81' lang='lat' dir='ltr'><strong>crura</strong></span> <span class='ocrx_word' id='word_1_120' title='bbox 777 3244 943 3302; x_wconf 81' lang='lat' dir='ltr'><strong>Joanuoe-</strong></span> 
     </span>
     <span class='ocr_line' id='line_1_24' title="bbox 217 3338 1005 3420; baseline 0.005 -24"><span class='ocrx_word' id='word_1_121' title='bbox 217 3338 328 3416; x_wconf 89' lang='lat' dir='ltr'><strong>Meque</strong></span> <span class='ocrx_word' id='word_1_122' title='bbox 348 3340 444 3418; x_wconf 82' lang='lat' dir='ltr'><strong>ipsum</strong></span> <span class='ocrx_word' id='word_1_123' title='bbox 465 3347 496 3400; x_wconf 92' lang='lat' dir='ltr'><strong>et</strong></span> <span class='ocrx_word' id='word_1_124' title='bbox 515 3347 642 3400; x_wconf 80' lang='lat' dir='ltr'><strong>matrem</strong></span> <span class='ocrx_word' id='word_1_125' title='bbox 662 3360 730 3401; x_wconf 92' lang='lat' dir='ltr'><strong>cum</strong></span> <span class='ocrx_word' id='word_1_126' title='bbox 749 3341 882 3420; x_wconf 83' lang='lat' dir='ltr'><strong>genitore</strong></span> <span class='ocrx_word' id='word_1_127' title='bbox 901 3360 1005 3401; x_wconf 78' lang='lat' dir='ltr'><strong>mecm.</strong></span> 
     </span>
    </p>
   </div>
   <div class='ocr_carea' id='block_1_10' title="bbox 961 3462 1041 3506">
    <p class='ocr_par' dir='ltr' id='par_1_15' title="bbox 961 3462 1041 3506">
     <span class='ocr_line' id='line_1_25' title="bbox 961 3462 1041 3506; baseline 0 0"><span class='ocrx_word' id='word_1_128' title='bbox 961 3462 1041 3506; x_wconf 72' lang='lat' dir='ltr'><strong>El).</strong></span> 
     </span>
    </p>
   </div>
   <div class='ocr_carea' id='block_1_11' title="bbox 0 0 1268 4096">
    <p class='ocr_par' dir='ltr' id='par_1_16' title="bbox 0 0 1268 4096">
     <span class='ocr_line' id='line_1_26' title="bbox 0 0 1268 4096; baseline 0 0"><span class='ocrx_word' id='word_1_129' title='bbox 0 0 1268 4096; x_wconf 95' lang='lat' dir='ltr'><strong> </strong></span> 
     </span>
    </p>
   </div>
  </div>
 </body>
</html>
