2514 4096
396 357 656 420 ARUNDINES
681 357 797 420 OAMJ.

550 641 719 722 deirebus.

244 788 347 848 Uarus
367 806 427 866 qua
446 787 552 848 eaelum
571 790 714 849 scandens
733 791 860 850 sublime
882 787 1029 850 Columna

204 884 252 944 Ut
271 892 316 956 tu,
336 888 411 946 celse
431 888 551 962 Thraso,
574 896 664 967 eaput
684 890 772 967 erigit
793 894 824 948 et
844 887 1005 948 mentitur¹
1013 910 1024 965 3

204 981 367 1061 Crispinus,
388 986 484 1044 bonus
504 993 536 1045 et
556 987 690 1064 simplex,
713 989 750 1046 de
769 988 856 1064 plebe
876 993 985 1066 togata,

204 1080 347 1158 Degebat,
368 1082 455 1160 frugi,
477 1082 593 1140 Divum
614 1104 731 1161 quoque
751 1085 847 1143 cultor
867 1091 899 1144 et
918 1084 996 1163 aequi
1005 1104 1016 1160 3

205 1177 298 1255 (lujus
317 1185 391 1238 nota
410 1180 492 1251 fides,
512 1182 669 1258 virtusque
689 1183 821 1259 paratior
841 1200 911 1242 ore:

205 1276 307 1336 Unius
328 1284 448 1338 tantum
468 1281 579 1356 patinae
600 1280 649 1337 eui
675 1281 741 1338 luae
760 1281 890 1357 profesta

203 1375 412 1436 Prandebetur
432 1378 505 1450 olus,
528 1378 603 1436 feste
624 1378 711 1436 modo
732 1378 798 1437 luee
818 1377 953 1436 botellus.

203 1474 274 1552 Ipse
294 1478 472 1552 operabatur
491 1476 589 1544 saeris,
610 1496 664 1535 neo
685 1483 716 1534 te
737 1476 836 1534 minus
856 1495 984 1545 omnem,

202 1571 225 1629 J
225 1592 288 1644 ane,
306 1573 523 1650 frequentabat,
542 1573 692 1632 modicum
708 1580 739 1633 et
757 1582 873 1632 eertum
886 1573 957 1632 inde
969 1573 1111 1632 lucellum

202 1668 374 1748 Percipiene
383 1689 393 1744 ;
414 1671 639 1748 pareusdandi,
662 1673 713 1730 sed
733 1673 815 1730 mitis
835 1673 941 1749 egenis.

245 1768 363 1835 Invidit
382 1776 483 1828 saneto
504 1771 596 1847 capiti
617 1771 706 1843 Deus,
727 1777 818 1848 atque
838 1771 957 1847 paravit

205 1865 359 1925 Illeeebris
371 1879 499 1945 oaptare
518 1869 625 1928 novis:
646 1889 708 1927 non
728 1869 786 1927 Ille
807 1869 953 1926 melorum

202 1963 294 2022 Nune
314 1965 464 2042 gravitate
484 1966 585 2040 bonos,
606 1967 703 2025 faetus
723 1967 866 2040 solertior,
889 1972 976 2043 urget
986 1982 997 2039 ;

202 2062 314 2121 Tentat
328 2065 408 2122 ¹enim
422 2063 554 2123 tollendo
568 2065 709 2138 homines,
725 2084 788 2137 neo,
803 2071 839 2123 ut
853 2071 930 2138 ante,
946 2063 1118 2142 premendo.

243 2160 332 2219 Ilieet
351 2161 447 2218 AEolii
468 2161 542 2220 flatu
563 2161 647 2220 ducis
667 2168 734 2220 aeta
754 2162 882 2240 procella

202 2256 313 2315 Totum
332 2259 427 2336 agitat
447 2259 575 2336 pelagus,
597 2260 820 2337 genitoremque
841 2257 942 2319 obruit
961 2259 1025 2318 alto

203 2354 349 2432 Crispini:
371 2356 462 2414 maris
482 2359 537 2415 en!
560 2357 662 2432 spoliis
682 2357 864 2434 patrimonia
883 2363 1031 2433 creseunt,
1149 2435 1152 2438 Ι

203 2445 246 2509 Et
265 2470 326 2511 non
345 2472 407 2511 una
428 2452 510 2511 sedet
530 2453 660 2511 Bruttiis
681 2454 817 2512 oneraria
837 2455 924 2514 saxis.

244 2551 291 2610 At
310 2552 457 2624 fortunati
477 2552 614 2610 dominus
635 2551 791 2629 Crispinus
811 2552 907 2629 agelli,

205 2645 295 2709 Nunc
316 2647 470 2707 Romanus
490 2668 589 2725 eques,
610 2668 642 2707 se
662 2653 814 2725 comparat
834 2649 972 2708 omnibus
995 2670 1121 2730 usquam

204 2744 360 2804 Divitibus
369 2767 379 2820 3
400 2747 487 2804 laetus
507 2766 587 2805 nuno
607 2753 707 2806 versat
726 2746 841 2825 poeula,
862 2767 951 2821 nune,
972 2768 1053 2808 nune

204 2842 347 2920 Indulget
367 2843 469 2902 Genio.
516 2843 657 2918 “Vivus’'
679 2845 799 2903 domina
820 2845 929 2922 ingerit
949 2865 1035 2918 uxor,

205 2939 384 3011 “Qualises
394 2938 426 3016 ;’'
448 2947 479 3001 et
499 2943 611 3001 botulis
631 2944 727 3002 fumat
744 2943 809 3020 jam
828 2961 931 3000 mensa
950 2942 1073 3003 duobus.

246 3038 405 3111 Continuo,
427 3039 526 3097 nudus
545 3039 678 3098 thalamo
698 3039 771 3098 dum
791 3045 930 3099 sterteret
949 3040 1047 3100 Indus

203 3133 321 3214 Hospes
341 3136 486 3214 surripuit
505 3156 653 3215 gemmam
672 3137 773 3199 vafer:
793 3137 871 3196 hane
891 3137 1028 3216 Crispino

211 3342 267 3393 1In
276 3343 331 3392 basi
342 3343 463 3392 columna
474 3342 584 3408 bajani,
597 3355 669 3393 dxxx
678 3343 754 3408 pedes
768 3343 833 3405 altae,
844 3343 964 3408 seriptum
980 3342 1120 3392 invenitur:

160 3425 206 3476 Aa
215 3423 392 3475 declarandum
408 3431 505 3488 quauta
520 3425 661 3474 altitudinis
675 3441 742 3475 mons
757 3432 780 3475 et
796 3426 861 3477 loeus
876 3425 952 3474 tauta
968 3425 1077 3488 operibus
1091 3427 1124 3475 eit

161 3514 258 3574 symea
292 3508 612 3558 Meraeressioenturionis
623 3508 750 3573 gloriatio!
816 3509 884 3560 Vur.
898 3507 992 3559 Senon.
