2514 4096
368 356 625 416 ABUNDINES
649 355 765 418 OAMJ.
983 356 1039 415 125

175 677 308 763 γενέθλι’,
330 675 482 757 αἶθριθντοιν
501 676 531 736 δέ
550 678 611 738 τοῖν
630 675 813 759 γεννητόρων,

176 776 351 858 διφρηλάτης
372 775 414 851 ῦς,
435 775 572 856 πυρφόριρ
592 774 754 854 καλύμματι

176 874 308 956 ἅγαστος,
331 873 390 934 οῖον
409 871 441 932 ου’
462 871 521 934 κατ’
541 870 685 950 ἄνθρωπον
705 873 802 955 γεγιῦς,

177 971 227 1049 ἀφ’
248 970 320 1049 ὦρτο
339 973 441 1049 βωμοῦ
459 973 510 1031 τοῦ
531 970 741 1049 καθιερωμένον,

179 1073 203 1130 εἰ
221 1068 262 1148 μὴ
281 1070 365 1152 γέρας
384 1070 482 1128 τιτοῦ
502 1070 574 1127 Θεοῦ
593 1071 629 1146 τῇ
649 1068 762 1146 πατρίδι

181 1165 286 1247 τῇ’μῇ
307 1164 483 1245 προδεικνῦς;
504 1168 564 1244 Θεῷ
583 1190 622 1239 τε,
643 1165 769 1229 παιδείας
788 1164 879 1245 χάριν,

180 1263 320 1346 ἐχώρισαν
339 1263 479 1338 τάξαντες,
502 1261 538 1327 ὥς
557 1263 647 1344 ἔργοις
667 1265 712 1323 ἐπι

179 1364 315 1440 ῥητοῖσιν,
337 1359 399 1421 οῦδέ
418 1364 469 1420 τοῦ
488 1359 622 1440 τυχόντος
641 1362 773 1432 ἐκτελεῖν,

180 1464 205 1519 εἰ
224 1454 258 1537 δὴ
279 1458 421 1538 πέπρωται
440 1459 719 1538 παρακεκρουσμένον
739 1459 832 1521 θανεῖν

181 1554 282 1616 δοῦλόν
301 1581 340 1629 τε,
363 1555 469 1617 δισσοῖν
488 1553 513 1616 τ’
533 1553 664 1633 α’μμάτων
685 1553 794 1636 ἀχηνία,

181 1654 292 1734 ἐχθροῖς
310 1656 424 1734 γελοῖον
443 1652 536 1732 θαῦμ’,
563 1651 702 1735 ἀναγκαίῳ
721 1654 799 1736 μόρῳ

183 1754 299 1832 δεσμοῖς
316 1780 348 1814 τε
368 1755 533 1834 χαλκεοῖσιν
553 1753 694 1823 ἐξαντλεῖν
713 1750 808 1823 πόνον,

184 1855 212 1915 ἐς
231 1850 307 1911 ταῦθ’
328 1850 439 1930 ῦπῆρχε
459 1849 591 1912 θεοδότον
612 1850 713 1914 σθένος
731 1849 795 1911 τόδε

184 1947 217 2010 τό
237 1947 413 2026 σεμνότιμον,
437 1947 522 2026 θηρὸς
541 1947 574 2008 οῦ
595 1946 679 2024 θητὸς
699 1946 791 2029 λαχδν

185 2047 335 2126 αἴσχιστον
355 2045 461 2124 ἀξίωμα
467 2072 476 2118 ;
503 2045 576 2108 τόνδ’
597 2045 682 2125 ὁρᾶτέ
700 2072 745 2124 με,

183 2143 233 2205 τᾶν
253 2144 426 2222 ξυμπολίτας
444 2148 499 2205 τῶν
519 2144 686 2206 Φιλιστίνων
706 2143 763 2204 ἄπο

186 2239 409 2318 ἐλευθερώσονθ,
431 2239 481 2317 ἥδε
500 2240 556 2321 γάρ
576 2244 649 2300 Θεοῦ
669 2240 763 2319 φάτις·

185 2337 268 2419 ὁρᾶτε
287 2338 321 2415 δὴ
341 2342 462 2416 σωτῆρα,
483 2343 534 2416 τῆς
553 2339 693 2417 σωτηρίας

187 2435 269 2496 αῦτὸν
288 2433 356 2514 μάλ’
376 2434 554 2514 ῦστεροῦντα,
576 2434 634 2516 χῶν
653 2434 716 2497 ποτ’
736 2434 869 2514 ἐκράτουν

187 2533 288 2594 δοῦλον
307 2537 537 2612 ταλαιπωροῦντα
558 2532 718 2595 συνδούλων
737 2534 815 2612 μέτα,

186 2629 297 2709 τυφλόν
315 2657 356 2706 τε,
377 2631 454 2710 Γάζῃ
475 2631 601 2712 κάτοχον.
625 2630 691 2691 ἀλλ’
712 2630 745 2692 οῦ
760 2657 809 2710 μοι
830 2629 908 2692 Θεῦν

188 2729 265 2789 ἔστιν
283 2726 427 2807 παρόντων
447 2727 630 2790 αἰτιάσασθαι
650 2733 747 2805 κακῶν,

188 2827 219 2892 ὃς
238 2826 317 2888 πάντ’
337 2829 439 2906 ἔμελλε
459 2829 599 2894 θεσπίσας
619 2829 664 2888 καὶ
685 2828 752 2907 δρῦν
770 2827 846 2890 τάδε·

189 2928 272 3003 αῦτδς
292 2928 315 2989 δ’
335 2932 443 3008 ἐμαυτῷ
462 2928 589 3006 πημόνας
609 2927 781 3006 ὀφλισκάνω.

189 3029 288 3092 σθένος
306 3028 361 3111 γάρ
381 3026 416 3104 ἦν
434 3053 484 3105 μοι
503 3025 566 3087 τάδε
585 3026 828 3108 παρηγγυημένον·

187 3125 221 3188 τό
241 3126 264 3187 δ’
285 3124 314 3186 εῦ
334 3124 402 3204 μάλ’
423 3124 499 3190 εἰδοῖς
520 3123 605 3204 οὗπερ
625 3123 661 3202 ἦν
680 3129 731 3185 τοῦ
751 3124 888 3203 σώματος,

189 3224 222 3284 τό
242 3223 266 3285 τ’
286 3226 420 3301 ἐκβαλεῖν
439 3222 598 3304 πρόχειρον,
621 3221 778 3302 ἐκβέβληχ’
798 3221 880 3301 ὅμως,

191 3321 281 3393 δείξας
299 3321 335 3383 παῖ
355 3322 428 3400 δῦρα
448 3311 603 3399 τᾶσφαλῦς
623 3320 794 3398 κεκρυμμένα

192 3420 341 3497 κλαυθμῶν
360 3419 437 3480 ἕκατι
456 3419 502 3480 καὶ
521 3418 676 3501 γυναικείου
694 3419 775 3496 βοῆς.
