2514 4096
371 353 628 416 ABUNDINES
652 353 765 418 orm.
981 352 1039 413 291

505 675 619 752 lictor.

172 803 283 864 Anum
301 808 338 864 ut
357 803 390 863 in
409 803 525 883 lychnis
545 805 638 866 tacite
656 803 713 864 lux
732 803 826 879 inscie
845 805 971 879 flemma,

212 903 358 962 Praelucet
377 904 477 962 formes
497 904 539 963 sic
559 904 662 964 Pudor
681 909 746 963 arte
766 923 886 963 carens:

173 998 290 1058 Certior
309 1000 361 1058 ills
380 1000 458 1073 ferit,
480 1021 545 1079 quse
565 1020 626 1061 non
646 1000 790 1060 direxerit
808 1001 896 1072 ictus,

212 1095 253 1155 Et
273 1096 343 1156 dare
363 1117 428 1176 quse
448 1098 543 1157 nescit
561 1098 694 1173 vulnera,
716 1098 777 1158 solu
796 1103 890 1156 necet

841 1213 873 1255 11.
889 1212 957 1254 1.11.

443 1345 691 1359 ᾖ

336 1515 344 1530 ”
438 1516 544 1621 vullis
562 1508 700 1587 fistulis.

173 1659 291 1742 Vsnms
310 1680 377 1720 emo
396 1661 523 1721 latebras
544 1668 576 1722 et
595 1661 719 1739 parvula
737 1654 817 1720 rurs
827 1667 967 1740 peternae,

214 1761 282 1832 Qus
300 1760 393 1838 gemit
412 1761 446 1818 in
465 1762 556 1819 viridi
576 1762 684 1819 blanda
704 1761 840 1821 columbe
860 1763 954 1836 domo,

175 1856 242 1928 Qua
260 1856 381 1916 mollem
401 1857 511 1916 assidui
531 1858 668 1916 fabellam
688 1865 791 1917 narret
810 1860 928 1931 amoris,

214 1955 335 2034 Peganc
355 1960 488 2015 nestram
507 1962 706 2033 praetereunte
726 1977 842 2018 cesam:

174 2053 247 2113 Mus
267 2055 373 2113 saliens
392 2055 474 2113 omni
494 2054 629 2113 silvester
649 2055 686 2112 ab
706 2055 810 2114 arbore
829 2055 947 2133 pendet,

215 2154 371 2232 Laetssque
390 2152 542 2230 impavido
562 2153 694 2229 pascitur
714 2173 764 2212 ore
783 2173 881 2212 nuces.

174 2253 238 2312 Hic
258 2253 364 2312 citreos
383 2252 464 2311 inter
483 2252 598 2310 fructus
617 2250 768 2329 myrtique
788 2251 843 2309 sub
863 2253 976 2325 umbra,

215 2351 298 2409 Dum
318 2370 411 2428 vagus
430 2369 448 2408 a
468 2349 579 2427 patulis
598 2349 719 2407 fioribus
739 2349 822 2407 hulst
841 2349 922 2422 odor,
972 2397 973 2401 ,

175 2450 319 2509 Fallimus
339 2447 475 2527 alipedes,
496 2447 585 2525 positi
604 2447 737 2519 feliciter,
759 2446 845 2504 horas

215 2547 341 2605 Dilectus
362 2546 462 2604 sonitu
482 2545 705 2622 suaviloquente
724 2543 796 2620 lyrae
806 2564 815 2616 3

176 2646 236 2706 Seu
255 2647 369 2724 placeat
389 2646 473 2703 vivas
491 2645 584 2722 magis
603 2645 799 2702 internectere
819 2643 926 2716 lauros,

217 2743 251 2802 Si
271 2743 338 2820 quis
359 2742 567 2818 Olympiacam
586 2760 707 2817 vespere
727 2746 829 2799 currat
847 2741 914 2800 iter.

176 2841 239 2901 sub
260 2832 443 2898 matutinum
462 2838 588 2916 pastoris
608 2839 732 2897 buccina
751 2839 850 2912 solem,

218 2938 350 2998 Saltibus
369 2937 515 3016 impliciti,
538 2937 599 2996 sole
618 2936 751 3010 cadente,
772 2936 861 3014 pedes
870 2956 880 3011 3

177 3037 323 3113 Quodque
342 3036 414 3112 lyme
434 3034 559 3108 canitur,
574 3033 622 3093 vel
643 3053 716 3112 quos
735 3034 906 3092 modulatur
925 3033 1047 3108 arundo,

128 3129 141 3160 ¹
217 3135 305 3192 Inter
325 3132 571 3209 Hamadryadum
590 3132 712 3191 frondea
731 3151 809 3205 rurs,
831 3133 933 3191 choros
943 3152 953 3206 ;

177 3232 326 3310 Simplicis
345 3232 408 3290 haec
428 3232 538 3290 durent
558 3236 638 3290 cesta
658 3231 854 3291 oblectamine
873 3232 952 3306 vitre,

218 3331 262 3391 Et
281 3337 384 3391 teneor
403 3349 510 3408 magno
531 3330 617 3388 vallis
636 3348 735 3387 amore
755 3348 834 3388 mese.

889 3444 920 3486 Η.
936 3445 968 3487 n.
