2514 4096
372 361 630 423 ARUNDINES
654 362 774 424 OAMI.
990 365 1048 423 305

423 641 567 716 multura
587 641 712 710 lauret.

256 798 329 858 Ipsa
348 798 489 857 scelestus
509 799 631 875 angitur
649 798 808 876 voluptate
817 818 827 874 3

257 896 395 956 Oblectet
414 896 487 975 ipsis
506 895 541 954 in
561 895 711 955 doloribus
732 895 853 956 Virtus.

630 1010 637 1025 ·
845 1010 870 1052 a
888 1010 918 1050 Η.
935 1010 965 1051 n.

450 1203 692 1213 ...--—-——

281 1438 460 1522 inmortalia
478 1459 513 1503 ut
533 1453 628 1520 aperta
647 1447 740 1503 uruat
759 1453 861 1506 auara

92 1599 205 1658 Aaron
225 1604 285 1657 est:
307 1604 455 1657 extremas
475 1599 582 1676 pandit
602 1599 664 1657 fera
684 1598 798 1656 Bruma
818 1597 966 1668 tenebras,

94 1696 136 1754 Et
155 1696 235 1754 vieto
256 1696 427 1755 dominatur
446 1696 639 1755 inexorabilis
659 1715 747 1753 anno.
781 1745 784 1748 .

93 1795 190 1864 Quam
210 1793 270 1850 late
290 1798 412 1869 torpent
432 1794 523 1866 silvae,
546 1812 636 1870 quam
656 1811 766 1869 pascua
785 1791 882 1850 ruris!

94 1892 191 1961 Quam
217 1890 373 1948 voluerum
399 1910 492 1967 genus
520 1909 607 1947 omne
634 1889 716 1947 silet!
771 1888 871 1947 Pavor
898 1887 1032 1964 undique

175 1995 314 2048 moestum

93 2091 238 2148 Vindicat
258 2088 426 2166 imperium.
468 2086 534 2144 Tali
554 2087 610 2145 sub
629 2087 760 2164 imagine
780 2087 876 2144 vitam

94 2189 150 2261 En,
172 2187 322 2260 Marcelle,
343 2191 443 2244 tuam:
464 2186 562 2244 brevis
582 2185 654 2243 hora
675 2186 848 2262 supervenit
868 2184 991 2256 horam3

93 2287 184 2344 Nune
203 2305 257 2343 ver
274 2285 438 2356 florescens,
460 2304 540 2343 nunc
560 2284 667 2342 ardens
686 2284 801 2341 viribus
821 2289 915 2354 aestas,

92 2383 328 2459 Autumnusque
347 2383 433 2460 gravi
452 2383 578 2455 incessu,
598 2388 742 2461 vergente
763 2386 899 2454 senectaJ

94 2480 197 2539 Donec
217 2481 251 2538 in
271 2485 406 2538 extremo
427 2500 545 2538 scenam
565 2480 726 2538 illaetabilis
747 2485 827 2538 autu¹
850 2468 853 2473 ¹

94 2577 282 2636 Intercludat
301 2578 404 2636 hiems.
449 2578 516 2647 Quo
536 2598 617 2636 nuno
638 2597 673 2636 ea
693 2578 818 2655 grandia
837 2577 909 2636 vitae

94 2673 216 2732 Somnia
236 2675 395 2751 fugeruntl
424 2695 483 2752 quo
504 2694 570 2751 spes
591 2676 726 2748 evanida,
749 2696 815 2753 quae
837 2681 884 2734 tot

95 2769 212 2829 Gaudia
233 2773 385 2848 promisit?
413 2793 472 2850 quo
493 2773 577 2832 famae
598 2780 629 2847 et
649 2775 746 2832 laudis
767 2774 885 2832 orexisl

94 2868 243 2927 Anxietas
263 2870 364 2943 animi,
386 2871 469 2929 labor
488 2872 675 2949 officiumque
696 2873 828 2932 dieruml

94 2971 160 3040 Quo
180 2976 281 3028 noctes
301 2990 448 3048 ooenaeque
468 2972 585 3031 Deuml
610 2978 792 3050 ventosaque
811 2978 884 3032 vota

93 3070 210 3146 Fasque
230 3070 371 3147 nefasque
390 3070 472 3128 inter
491 3071 638 3148 trepidam
659 3072 808 3149 rapientia
827 3074 977 3132 menteml

92 3166 202 3225 Omnia
221 3167 386 3244 deperiere:
414 3174 516 3226 manet
535 3175 635 3228 tecum
655 3189 717 3227 una
736 3176 883 3247 superstes

92 3264 170 3322 Fida
189 3283 286 3322 eomes
305 3264 417 3323 Virtus
437 3264 560 3338 homini,
583 3287 649 3344 quae
669 3267 768 3326 nescia
787 3267 869 3325 vinei

90 3362 296 3422 Immortalem
316 3364 447 3422 animam
467 3364 505 3422 ad
525 3364 654 3422 caelestia
673 3365 782 3442 gaudia
802 3364 904 3455 ducit

845 3475 876 3518 Η.
889 3475 910 3519 1.
927 3475 958 3518 Η.
