2514 4096
385 349 638 410 ARUNDINES
662 346 774 408 OAMI.

514 739 639 808 ῖῧιυῒιιο.

264 921 341 998 Φονᾷ
360 915 393 977 τδ
412 919 529 997 πριῖγος·
557 914 637 993 ὦφλε
657 914 680 976 δ’
700 913 736 980 οἷς
755 915 818 994 ἐμοὶ
837 917 889 994 μέν
909 916 942 978 οὔ

264 1033 323 1095 κατ’
347 1031 429 1098 αὐτὰς
450 1031 535 1093 αὖτόν
558 1030 615 1102 λοὶξ
633 1031 806 1110 πατούμενος
829 1033 933 1108 θανεῖν,

264 1156 288 1213 εἰ
310 1150 351 1229 μή
372 1176 400 1211 τι
421 1152 481 1214 τοῖς
503 1149 676 1210 πλείστοισι.
700 1152 836 1226 κοιρανεῖν
857 1153 917 1230 ἐρᾷ·

262 1266 377 1344 μέλλων
397 1264 429 1326 τί
446 1263 584 1344 πάσχειν;
605 1266 687 1324 τοῖντο
711 1261 745 1340 δὴ
766 1263 905 1341 ζητητέον.

262 1379 414 1459 πρόσειλος
434 1378 453 1457 ἥ
473 1379 501 1462 γ’
523 1379 617 1460 ἔχιδνά
634 1405 679 1440 τοι
700 1378 877 1458 φαντάζεται,

263 1495 297 1556 ἶν’
321 1494 507 1573 εὐλαβεῖσθαι
529 1498 587 1558 τοῖς
610 1494 767 1574 ὁδοιπόροις
788 1494 871 1573 οἷκμή.

262 1609 309 1669 καὶ
332 1610 366 1687 δη
390 1607 521 1688 τύραννος
541 1608 649 1690 γε’γονε·
671 1608 790 1688 χαιρέτω
811 1607 904 1673 πόλις·

263 1722 376 1801 κέντρον
398 1721 455 1805 γιῖρ
478 1722 520 1800 εἴη
541 1722 602 1804 τῷδ’
624 1723 666 1795 ἄν,
690 1723 777 1785 οὐκέτ’
799 1723 911 1803 ἀντερῶ,

262 1837 371 1913 ἐνθεῖσ’,
395 1836 449 1920 ὅτιρ
473 1838 574 1900 δύναιτ’
598 1836 632 1900 εῖν
654 1838 700 1904 οὓς
724 1840 794 1919 θέλη
816 1838 930 1901 δοὶκνειν.

262 1953 402 2034 διαφθορὰ
420 1953 475 2038 γοῖρ
498 1955 548 2032 ἥδε
570 1959 622 2033 τῆς
641 1954 732 2036 οἷρχῆς
752 1956 815 2032 ἐφυ,

258 2073 289 2131 ἐν
308 2068 329 2152 ᾧ
351 2070 401 2132 τδν
421 2068 515 2131 οἶκτον
536 2074 585 2131 τοῦ
609 2069 725 2148 κράτους
747 2069 890 2149 ἐχώρισεν·

263 2185 464 2266 ἐκμορτυρήσω
487 2185 511 2247 δ’
535 2184 586 2246 οὐκ
611 2184 674 2246 ἰδών
696 2188 735 2265 τῷ
756 2184 883 2262 Καίσαρι

259 2302 370 2385 γνοῖμης
390 2301 453 2363 ποτ’
475 2302 542 2363 αἰδοῖ
562 2301 665 2380 μείζον’
688 2301 829 2383 ἰ’σχουσαν
849 2300 947 2381 ῥοπήν.

259 2420 350 2481 καίτοι
371 2418 437 2498 θάμ’
460 2418 495 2498 ἦν
519 2419 634 2496 ἔνδηλον
658 2418 692 2483 ὦς
717 2418 823 2496 κλῖμάξ
843 2444 885 2483 τις
906 2416 938 2478 ὂν

258 2534 292 2597 τδ
315 2539 394 2596 πνεῖν
416 2533 533 2614 χαμηλοῖ
556 2537 614 2598 τοῖς
634 2533 697 2616 μέγ’
719 2534 865 2606 ἐλπίζουσι
884 2535 970 2608 πνεῖν,

259 2650 330 2730 πρδς
350 2648 386 2728 ἥν
407 2676 451 2714 τις
471 2649 616 2728 ἐστήριξεν
637 2647 797 2727 ἀναβαίνων
820 2647 901 2727 κάρα·

259 2765 345 2845 α’κρῖν
368 2766 397 2826 δὲ
418 2764 534 2844 βαθμδν
556 2763 588 2825 οὖ
611 2763 712 2841 φθάνει
734 2763 916 2844 κατασχεθιδν

257 2884 305 2943 καὶ
326 2882 444 2947 νιοτίσας
464 2880 516 2959 την
537 2880 648 2959 κλίμακ’
671 2880 718 2942 εἶτ’
740 2880 919 2960 (ἐπεστράφη,

257 2996 410 3076 μετάρσιόν
429 2995 454 3057 τ’
475 2996 606 3074 ἔβλεψεν,
629 2994 672 3060 οἶς
693 2994 843 3074 ἐπήκρισεν

258 3112 410 3193 ἐξωριάζων
432 3111 559 3176 δουλίους
579 3109 806 3190 προσαμβάσεις.

257 3228 276 3291 ιῖ
296 3227 348 3290 κιῖν
367 3227 487 3308 ποιήσαι
509 3231 634 3308 Καῖσαρ·
655 3226 721 3288 ἀλλ’
742 3226 843 3310 εἵργειν
861 3225 895 3288 τδ
915 3225 966 3306 μη’.

861 3361 963 3404 RQJ·
