<?xml version="1.0" encoding="UTF-8"?>
<!DOCTYPE html PUBLIC "-//W3C//DTD XHTML 1.0 Transitional//EN"
    "http://www.w3.org/TR/xhtml1/DTD/xhtml1-transitional.dtd">
<html xmlns="http://www.w3.org/1999/xhtml" xml:lang="en" lang="en">
 <head>
  <title>
</title>
<meta http-equiv="Content-Type" content="text/html;charset=utf-8" />
  <meta name='ocr-system' content='tesseract 3.04.00' />
  <meta name='ocr-capabilities' content='ocr_page ocr_carea ocr_par ocr_line ocrx_word'/>
</head>
<body>
  <div class='ocr_page' id='page_1' title='image "./arundinescamisi02drurgoog_0278.png"; bbox 0 0 2514 4096; ppageno 0'>
   <div class='ocr_carea' id='block_1_1' title="bbox 475 348 1149 410">
    <p class='ocr_par' dir='ltr' id='par_1_1' title="bbox 475 348 1149 410">
     <span class='ocr_line' id='line_1_1' title="bbox 475 348 1149 410; baseline -0.003 -1"><span class='ocrx_word' id='word_1_1' title='bbox 475 349 739 410; x_wconf 76' lang='lat' dir='ltr'><strong><em>ARUNDINES</em></strong></span> <span class='ocrx_word' id='word_1_2' title='bbox 759 348 875 410; x_wconf 80' lang='lat' dir='ltr'><strong><em>OAMI.</em></strong></span> <span class='ocrx_word' id='word_1_3' title='bbox 1092 349 1149 408; x_wconf 76' lang='lat'>245</span> 
     </span>
    </p>
   </div>
   <div class='ocr_carea' id='block_1_2' title="bbox 459 628 888 710">
    <p class='ocr_par' dir='ltr' id='par_1_2' title="bbox 459 628 888 710">
     <span class='ocr_line' id='line_1_2' title="bbox 459 628 888 710; baseline -0.026 -9"><span class='ocrx_word' id='word_1_4' title='bbox 459 629 571 701; x_wconf 61' lang='lat' dir='ltr'>fiterio</span> <span class='ocrx_word' id='word_1_5' title='bbox 593 629 657 710; x_wconf 74' lang='lat' dir='ltr'>quit</span> <span class='ocrx_word' id='word_1_6' title='bbox 676 628 888 708; x_wconf 66' lang='lat' dir='ltr'>sentiremque.</span> 
     </span>
    </p>
   </div>
   <div class='ocr_carea' id='block_1_3' title="bbox 199 775 1080 1634">
    <p class='ocr_par' dir='ltr' id='par_1_3' title="bbox 199 775 1080 953">
     <span class='ocr_line' id='line_1_3' title="bbox 199 775 1080 856; baseline -0.003 -19"><span class='ocrx_word' id='word_1_7' title='bbox 199 778 259 848; x_wconf 83' lang='lat' dir='ltr'>Nn,</span> <span class='ocrx_word' id='word_1_8' title='bbox 278 778 350 856; x_wconf 84' lang='lat' dir='ltr'>quie</span> <span class='ocrx_word' id='word_1_9' title='bbox 368 778 462 836; x_wconf 79' lang='lat' dir='ltr'>formu</span> <span class='ocrx_word' id='word_1_10' title='bbox 482 777 588 837; x_wconf 83' lang='lat' dir='ltr'>decens</span> <span class='ocrx_word' id='word_1_11' title='bbox 608 777 667 835; x_wconf 88' lang='lat' dir='ltr'>tibi</span> <span class='ocrx_word' id='word_1_12' title='bbox 688 797 736 834; x_wconf 94' lang='lat' dir='ltr'>me</span> <span class='ocrx_word' id='word_1_13' title='bbox 756 775 952 848; x_wconf 80' lang='lat' dir='ltr'>commendet,</span> <span class='ocrx_word' id='word_1_14' title='bbox 973 781 1080 849; x_wconf 82' lang='lat' dir='ltr'>emate,</span> 
     </span>
     <span class='ocr_line' id='line_1_4' title="bbox 240 874 970 953; baseline -0.004 -21"><span class='ocrx_word' id='word_1_15' title='bbox 240 874 336 934; x_wconf 79' lang='lat' dir='ltr'>Suave</span> <span class='ocrx_word' id='word_1_16' title='bbox 356 876 436 953; x_wconf 91' lang='lat' dir='ltr'>quod</span> <span class='ocrx_word' id='word_1_17' title='bbox 457 875 592 934; x_wconf 83' lang='lat' dir='ltr'>eniteant</span> <span class='ocrx_word' id='word_1_18' title='bbox 613 874 735 946; x_wconf 81' lang='lat' dir='ltr'>lumine,</span> <span class='ocrx_word' id='word_1_19' title='bbox 758 892 848 930; x_wconf 83' lang='lat' dir='ltr'>suave</span> <span class='ocrx_word' id='word_1_20' title='bbox 869 890 970 950; x_wconf 78' lang='lat' dir='ltr'>genae5</span> 
     </span>
    </p>

    <p class='ocr_par' dir='ltr' id='par_1_4' title="bbox 200 969 962 1051">
     <span class='ocr_line' id='line_1_5' title="bbox 200 969 962 1051; baseline 0 -23"><span class='ocrx_word' id='word_1_21' title='bbox 200 971 337 1049; x_wconf 90' lang='lat' dir='ltr'>Denique</span> <span class='ocrx_word' id='word_1_22' title='bbox 356 977 388 1030; x_wconf 90' lang='lat' dir='ltr'>te</span> <span class='ocrx_word' id='word_1_23' title='bbox 407 976 514 1051; x_wconf 75' lang='lat' dir='ltr'>nostrae</span> <span class='ocrx_word' id='word_1_24' title='bbox 536 972 635 1048; x_wconf 82' lang='lat' dir='ltr'>cupiet</span> <span class='ocrx_word' id='word_1_25' title='bbox 655 990 723 1047; x_wconf 83' lang='lat' dir='ltr'>pars</span> <span class='ocrx_word' id='word_1_26' title='bbox 744 969 828 1028; x_wconf 80' lang='lat' dir='ltr'>nulla</span> <span class='ocrx_word' id='word_1_27' title='bbox 848 969 962 1046; x_wconf 79' lang='lat' dir='ltr'>figures,</span> 
     </span>
    </p>

    <p class='ocr_par' dir='ltr' id='par_1_5' title="bbox 207 1067 902 1145">
     <span class='ocr_line' id='line_1_6' title="bbox 207 1067 902 1145; baseline -0.003 -19"><span class='ocrx_word' id='word_1_28' title='bbox 207 1092 214 1133; x_wconf 70' lang='lat'>¹.</span> <span class='ocrx_word' id='word_1_29' title='bbox 240 1067 369 1142; x_wconf 77' lang='lat' dir='ltr'>Pectore,</span> <span class='ocrx_word' id='word_1_30' title='bbox 391 1089 458 1143; x_wconf 92' lang='lat' dir='ltr'>neu,</span> <span class='ocrx_word' id='word_1_31' title='bbox 479 1070 539 1127; x_wconf 90' lang='lat' dir='ltr'>fido</span> <span class='ocrx_word' id='word_1_32' title='bbox 559 1070 615 1126; x_wconf 87' lang='lat' dir='ltr'>sim</span> <span class='ocrx_word' id='word_1_33' title='bbox 634 1068 712 1140; x_wconf 86' lang='lat' dir='ltr'>lieet,</span> <span class='ocrx_word' id='word_1_34' title='bbox 733 1068 796 1145; x_wconf 84' lang='lat' dir='ltr'>ipse</span> <span class='ocrx_word' id='word_1_35' title='bbox 814 1067 887 1125; x_wconf 92' lang='lat' dir='ltr'>fides</span> <span class='ocrx_word' id='word_1_36' title='bbox 893 1088 902 1142; x_wconf 64' lang='grc' dir='ltr'><strong><em>ς</em></strong></span> 
     </span>
    </p>

    <p class='ocr_par' dir='ltr' id='par_1_6' title="bbox 201 1163 1074 1324">
     <span class='ocr_line' id='line_1_7' title="bbox 201 1163 1074 1244; baseline 0 -20"><span class='ocrx_word' id='word_1_37' title='bbox 201 1165 265 1224; x_wconf 81' lang='lat' dir='ltr'>Ista</span> <span class='ocrx_word' id='word_1_38' title='bbox 285 1167 403 1244; x_wconf 92' lang='lat' dir='ltr'>quidem</span> <span class='ocrx_word' id='word_1_39' title='bbox 422 1173 545 1243; x_wconf 78' lang='lat' dir='ltr'>pereant</span> <span class='ocrx_word' id='word_1_40' title='bbox 564 1166 643 1224; x_wconf 81' lang='lat' dir='ltr'>bonu</span> <span class='ocrx_word' id='word_1_41' title='bbox 661 1163 791 1238; x_wconf 80' lang='lat' dir='ltr'>forsitan,</span> <span class='ocrx_word' id='word_1_42' title='bbox 814 1171 867 1222; x_wconf 87' lang='lat' dir='ltr'>eut</span> <span class='ocrx_word' id='word_1_43' title='bbox 887 1164 965 1223; x_wconf 80' lang='lat' dir='ltr'>mela</span> <span class='ocrx_word' id='word_1_44' title='bbox 984 1164 1060 1224; x_wconf 86' lang='lat' dir='ltr'>fiant</span> <span class='ocrx_word' id='word_1_45' title='bbox 1065 1185 1074 1239; x_wconf 83' lang='lat'><em>3</em></span> 
     </span>
     <span class='ocr_line' id='line_1_8' title="bbox 240 1263 909 1324; baseline -0.001 -2"><span class='ocrx_word' id='word_1_46' title='bbox 240 1265 352 1323; x_wconf 82' lang='lat' dir='ltr'>Mutus</span> <span class='ocrx_word' id='word_1_47' title='bbox 371 1266 412 1324; x_wconf 87' lang='lat' dir='ltr'>sie</span> <span class='ocrx_word' id='word_1_48' title='bbox 432 1266 517 1324; x_wconf 89' lang='lat' dir='ltr'>nobis</span> <span class='ocrx_word' id='word_1_49' title='bbox 537 1265 637 1322; x_wconf 80' lang='lat' dir='ltr'>vinela</span> <span class='ocrx_word' id='word_1_50' title='bbox 656 1264 785 1322; x_wconf 81' lang='lat' dir='ltr'>resolvet</span> <span class='ocrx_word' id='word_1_51' title='bbox 805 1263 909 1321; x_wconf 84' lang='lat' dir='ltr'>Amor.</span> 
     </span>
    </p>

    <p class='ocr_par' dir='ltr' id='par_1_7' title="bbox 201 1361 971 1537">
     <span class='ocr_line' id='line_1_9' title="bbox 201 1361 908 1440; baseline -0.003 -21"><span class='ocrx_word' id='word_1_52' title='bbox 201 1362 280 1440; x_wconf 84' lang='lat' dir='ltr'>Ergo</span> <span class='ocrx_word' id='word_1_53' title='bbox 300 1363 460 1422; x_wconf 84' lang='lat' dir='ltr'>femineum</span> <span class='ocrx_word' id='word_1_54' title='bbox 480 1381 518 1420; x_wconf 90' lang='lat' dir='ltr'>ne</span> <span class='ocrx_word' id='word_1_55' title='bbox 539 1362 638 1420; x_wconf 83' lang='lat' dir='ltr'>desere</span> <span class='ocrx_word' id='word_1_56' title='bbox 658 1361 769 1419; x_wconf 83' lang='lat' dir='ltr'>femina</span> <span class='ocrx_word' id='word_1_57' title='bbox 788 1379 908 1434; x_wconf 86' lang='lat' dir='ltr'>morem,</span> 
     </span>
     <span class='ocr_line' id='line_1_10' title="bbox 241 1458 971 1537; baseline -0.003 -19"><span class='ocrx_word' id='word_1_58' title='bbox 241 1459 362 1537; x_wconf 81' lang='lat' dir='ltr'>Semper</span> <span class='ocrx_word' id='word_1_59' title='bbox 381 1479 484 1517; x_wconf 81' lang='lat' dir='ltr'>amans</span> <span class='ocrx_word' id='word_1_60' title='bbox 503 1459 585 1516; x_wconf 81' lang='lat' dir='ltr'>nesci</span> <span class='ocrx_word' id='word_1_61' title='bbox 607 1477 660 1516; x_wconf 89' lang='lat' dir='ltr'>eur</span> <span class='ocrx_word' id='word_1_62' title='bbox 680 1458 724 1515; x_wconf 84' lang='lat' dir='ltr'>ite</span> <span class='ocrx_word' id='word_1_63' title='bbox 744 1476 859 1533; x_wconf 86' lang='lat' dir='ltr'>semper</span> <span class='ocrx_word' id='word_1_64' title='bbox 879 1475 971 1516; x_wconf 85' lang='lat' dir='ltr'>ames:</span> 
     </span>
    </p>

    <p class='ocr_par' dir='ltr' id='par_1_8' title="bbox 201 1555 1033 1634">
     <span class='ocr_line' id='line_1_11' title="bbox 201 1555 1033 1634; baseline -0.006 -17"><span class='ocrx_word' id='word_1_65' title='bbox 201 1557 249 1618; x_wconf 75' lang='lat' dir='ltr'>sie</span> <span class='ocrx_word' id='word_1_66' title='bbox 269 1558 326 1616; x_wconf 91' lang='lat' dir='ltr'>tibi</span> <span class='ocrx_word' id='word_1_67' title='bbox 346 1577 433 1616; x_wconf 83' lang='lat' dir='ltr'>eeuse</span> <span class='ocrx_word' id='word_1_68' title='bbox 453 1558 555 1616; x_wconf 83' lang='lat' dir='ltr'>eadem</span> <span class='ocrx_word' id='word_1_69' title='bbox 575 1564 689 1634; x_wconf 85' lang='lat' dir='ltr'>perstet</span> <span class='ocrx_word' id='word_1_70' title='bbox 708 1575 776 1614; x_wconf 79' lang='lat' dir='ltr'>mee</span> <span class='ocrx_word' id='word_1_71' title='bbox 796 1555 898 1632; x_wconf 82' lang='lat' dir='ltr'>Lydia,</span> <span class='ocrx_word' id='word_1_72' title='bbox 920 1573 975 1612; x_wconf 83' lang='lat' dir='ltr'>eur</span> <span class='ocrx_word' id='word_1_73' title='bbox 997 1560 1033 1613; x_wconf 89' lang='lat' dir='ltr'>tu</span> 
     </span>
    </p>
   </div>
   <div class='ocr_carea' id='block_1_4' title="bbox 239 1652 1069 1791">
    <p class='ocr_par' dir='ltr' id='par_1_9' title="bbox 239 1652 1069 1791">
     <span class='ocr_line' id='line_1_12' title="bbox 239 1652 811 1730; baseline -0.002 -18"><span class='ocrx_word' id='word_1_74' title='bbox 239 1653 334 1713; x_wconf 88' lang='lat' dir='ltr'>Nullo</span> <span class='ocrx_word' id='word_1_75' title='bbox 354 1673 414 1712; x_wconf 90' lang='lat' dir='ltr'>non</span> <span class='ocrx_word' id='word_1_76' title='bbox 434 1673 482 1712; x_wconf 88' lang='lat' dir='ltr'>me</span> <span class='ocrx_word' id='word_1_77' title='bbox 502 1654 541 1712; x_wconf 86' lang='lat' dir='ltr'>sis</span> <span class='ocrx_word' id='word_1_78' title='bbox 563 1653 735 1730; x_wconf 76' lang='lat' dir='ltr'>deperitura</span> <span class='ocrx_word' id='word_1_79' title='bbox 755 1652 811 1711; x_wconf 87' lang='lat' dir='ltr'>die.</span> 
     </span>
     <span class='ocr_line' id='line_1_13' title="bbox 1000 1750 1069 1791; baseline 0 -1"><span class='ocrx_word' id='word_1_80' title='bbox 1000 1750 1027 1791; x_wconf 87' lang='lat' dir='ltr'>e.</span> <span class='ocrx_word' id='word_1_81' title='bbox 1044 1750 1069 1790; x_wconf 83' lang='lat' dir='ltr'>r.</span> 
     </span>
    </p>
   </div>
   <div class='ocr_carea' id='block_1_5' title="bbox 559 1909 809 1918">
    <p class='ocr_par' dir='ltr' id='par_1_10' title="bbox 559 1909 809 1918">
     <span class='ocr_line' id='line_1_14' title="bbox 559 1909 809 1918; baseline 0.008 -2"><span class='ocrx_word' id='word_1_82' title='bbox 559 1909 809 1918; x_wconf 77' lang='lat'>——.--—.-—</span> 
     </span>
    </p>
   </div>
   <div class='ocr_carea' id='block_1_6' title="bbox 610 2105 743 2172">
    <p class='ocr_par' dir='ltr' id='par_1_11' title="bbox 610 2105 743 2172">
     <span class='ocr_line' id='line_1_15' title="bbox 610 2105 743 2172; baseline 0.008 -3"><span class='ocrx_word' id='word_1_83' title='bbox 610 2105 743 2172; x_wconf 62' lang='lat' dir='ltr'>niuniu.</span> 
     </span>
    </p>
   </div>
   <div class='ocr_carea' id='block_1_7' title="bbox 199 2247 1155 3400">
    <p class='ocr_par' dir='ltr' id='par_1_12' title="bbox 199 2247 1155 3321">
     <span class='ocr_line' id='line_1_16' title="bbox 199 2247 1054 2338; baseline 0.004 -17"><span class='ocrx_word' id='word_1_84' title='bbox 199 2261 236 2322; x_wconf 98' lang='lat' dir='ltr'>A.</span> <span class='ocrx_word' id='word_1_85' title='bbox 281 2261 407 2321; x_wconf 76' lang='lat' dir='ltr'>ansro</span> <span class='ocrx_word' id='word_1_86' title='bbox 426 2262 465 2320; x_wconf 79' lang='lat' dir='ltr'>ed</span> <span class='ocrx_word' id='word_1_87' title='bbox 485 2265 635 2319; x_wconf 79' lang='lat' dir='ltr'>manumet</span> <span class='ocrx_word' id='word_1_88' title='bbox 654 2260 780 2338; x_wconf 82' lang='lat' dir='ltr'>ignavus</span> <span class='ocrx_word' id='word_1_89' title='bbox 799 2261 856 2320; x_wconf 87' lang='lat' dir='ltr'>iste</span> <span class='ocrx_word' id='word_1_90' title='bbox 875 2267 946 2322; x_wconf 86' lang='lat' dir='ltr'>tuus</span> <span class='ocrx_word' id='word_1_91' title='bbox 966 2247 1054 2325; x_wconf 76' lang='lat' dir='ltr'>musi</span> 
     </span>
     <span class='ocr_line' id='line_1_17' title="bbox 200 2359 1153 2437; baseline 0.008 -20"><span class='ocrx_word' id='word_1_92' title='bbox 200 2360 241 2418; x_wconf 88' lang='lat' dir='ltr'>D.</span> <span class='ocrx_word' id='word_1_93' title='bbox 282 2359 338 2419; x_wconf 91' lang='lat' dir='ltr'>Pol</span> <span class='ocrx_word' id='word_1_94' title='bbox 357 2360 481 2437; x_wconf 83' lang='lat' dir='ltr'>geminis</span> <span class='ocrx_word' id='word_1_95' title='bbox 498 2360 635 2418; x_wconf 86' lang='lat' dir='ltr'>manibus</span> <span class='ocrx_word' id='word_1_96' title='bbox 651 2369 757 2437; x_wconf 87' lang='lat' dir='ltr'>praeste</span> <span class='ocrx_word' id='word_1_97' title='bbox 776 2366 840 2419; x_wconf 85' lang='lat' dir='ltr'>eret</span> <span class='ocrx_word' id='word_1_98' title='bbox 858 2362 933 2420; x_wconf 90' lang='lat' dir='ltr'>mihi</span> <span class='ocrx_word' id='word_1_99' title='bbox 951 2366 1153 2425; x_wconf 83' lang='lat' dir='ltr'>commodum:</span> 
     </span>
     <span class='ocr_line' id='line_1_18' title="bbox 202 2456 1071 2522; baseline 0.007 -6"><span class='ocrx_word' id='word_1_100' title='bbox 202 2457 334 2516; x_wconf 69' lang='lat' dir='ltr'>Geminae</span> <span class='ocrx_word' id='word_1_101' title='bbox 354 2464 425 2516; x_wconf 88' lang='lat' dir='ltr'>sunt</span> <span class='ocrx_word' id='word_1_102' title='bbox 445 2477 530 2516; x_wconf 85' lang='lat' dir='ltr'>aures</span> <span class='ocrx_word' id='word_1_103' title='bbox 550 2463 648 2516; x_wconf 88' lang='lat' dir='ltr'>testes.</span> <span class='ocrx_word' id='word_1_104' title='bbox 691 2457 727 2516; x_wconf 91' lang='lat' dir='ltr'>A.</span> <span class='ocrx_word' id='word_1_105' title='bbox 750 2456 803 2515; x_wconf 84' lang='lat' dir='ltr'>An</span> <span class='ocrx_word' id='word_1_106' title='bbox 824 2479 892 2517; x_wconf 86' lang='lat' dir='ltr'>cum</span> <span class='ocrx_word' id='word_1_107' title='bbox 912 2461 963 2519; x_wconf 89' lang='lat' dir='ltr'>illo</span> <span class='ocrx_word' id='word_1_108' title='bbox 983 2465 1071 2522; x_wconf 83' lang='lat' dir='ltr'>medo</span> 
     </span>
     <span class='ocr_line' id='line_1_19' title="bbox 201 2554 1085 2636; baseline 0.008 -24"><span class='ocrx_word' id='word_1_109' title='bbox 201 2554 359 2614; x_wconf 77' lang='lat' dir='ltr'>Locutu&#39;si</span> <span class='ocrx_word' id='word_1_110' title='bbox 380 2554 481 2612; x_wconf 83' lang='lat' dir='ltr'>nostin</span> <span class='ocrx_word' id='word_1_111' title='bbox 501 2555 574 2631; x_wconf 88' lang='lat' dir='ltr'>quid</span> <span class='ocrx_word' id='word_1_112' title='bbox 593 2555 649 2612; x_wconf 89' lang='lat' dir='ltr'>sibi</span> <span class='ocrx_word' id='word_1_113' title='bbox 669 2555 755 2612; x_wconf 76' lang='lat' dir='ltr'>vulti</span> <span class='ocrx_word' id='word_1_114' title='bbox 796 2556 834 2614; x_wconf 89' lang='lat' dir='ltr'>D.</span> <span class='ocrx_word' id='word_1_115' title='bbox 856 2556 954 2617; x_wconf 90' lang='lat' dir='ltr'>Immo</span> <span class='ocrx_word' id='word_1_116' title='bbox 974 2560 1085 2636; x_wconf 91' lang='lat' dir='ltr'>probe:</span> 
     </span>
     <span class='ocr_line' id='line_1_20' title="bbox 202 2651 1064 2730; baseline 0.005 -18"><span class='ocrx_word' id='word_1_117' title='bbox 202 2655 292 2712; x_wconf 88' lang='lat' dir='ltr'>Dixit</span> <span class='ocrx_word' id='word_1_118' title='bbox 311 2654 386 2712; x_wconf 86' lang='lat' dir='ltr'>mihi</span> <span class='ocrx_word' id='word_1_119' title='bbox 404 2654 437 2711; x_wconf 92' lang='lat' dir='ltr'>in</span> <span class='ocrx_word' id='word_1_120' title='bbox 457 2672 566 2711; x_wconf 86' lang='lat' dir='ltr'>eurem.</span> <span class='ocrx_word' id='word_1_121' title='bbox 609 2651 662 2710; x_wconf 85' lang='lat' dir='ltr'>Dii</span> <span class='ocrx_word' id='word_1_122' title='bbox 682 2653 793 2711; x_wconf 82' lang='lat' dir='ltr'>malum</span> <span class='ocrx_word' id='word_1_123' title='bbox 812 2656 948 2713; x_wconf 84' lang='lat' dir='ltr'>manibus</span> <span class='ocrx_word' id='word_1_124' title='bbox 968 2657 1064 2730; x_wconf 86' lang='lat' dir='ltr'>duint,</span> 
     </span>
     <span class='ocr_line' id='line_1_21' title="bbox 202 2751 941 2829; baseline 0.003 -19"><span class='ocrx_word' id='word_1_125' title='bbox 202 2752 284 2811; x_wconf 78' lang='lat' dir='ltr'>Nam</span> <span class='ocrx_word' id='word_1_126' title='bbox 304 2753 373 2811; x_wconf 85' lang='lat' dir='ltr'>dare</span> <span class='ocrx_word' id='word_1_127' title='bbox 393 2751 509 2810; x_wconf 75' lang='lat' dir='ltr'>vacivus</span> <span class='ocrx_word' id='word_1_128' title='bbox 529 2752 609 2809; x_wconf 84' lang='lat' dir='ltr'>euris</span> <span class='ocrx_word' id='word_1_129' title='bbox 629 2753 683 2809; x_wconf 86' lang='lat' dir='ltr'>vix</span> <span class='ocrx_word' id='word_1_130' title='bbox 702 2753 823 2829; x_wconf 84' lang='lat' dir='ltr'>quibam</span> <span class='ocrx_word' id='word_1_131' title='bbox 844 2754 941 2812; x_wconf 88' lang='lat' dir='ltr'>miser.</span> 
     </span>
     <span class='ocr_line' id='line_1_22' title="bbox 202 2850 990 2926; baseline 0.003 -18"><span class='ocrx_word' id='word_1_132' title='bbox 202 2850 236 2908; x_wconf 76' lang='lat' dir='ltr'>L.</span> <span class='ocrx_word' id='word_1_133' title='bbox 281 2850 380 2908; x_wconf 84' lang='lat' dir='ltr'>Dubis</span> <span class='ocrx_word' id='word_1_134' title='bbox 400 2850 530 2907; x_wconf 84' lang='lat' dir='ltr'>loeutust</span> <span class='ocrx_word' id='word_1_135' title='bbox 549 2868 663 2926; x_wconf 90' lang='lat' dir='ltr'>nempe,</span> <span class='ocrx_word' id='word_1_136' title='bbox 685 2856 721 2907; x_wconf 89' lang='lat' dir='ltr'>ut</span> <span class='ocrx_word' id='word_1_137' title='bbox 741 2850 864 2908; x_wconf 87' lang='lat' dir='ltr'>sentires</span> <span class='ocrx_word' id='word_1_138' title='bbox 884 2852 990 2911; x_wconf 89' lang='lat' dir='ltr'>minus.</span> 
     </span>
     <span class='ocr_line' id='line_1_23' title="bbox 202 2946 1155 3026; baseline 0.006 -20"><span class='ocrx_word' id='word_1_139' title='bbox 202 2948 242 3006; x_wconf 88' lang='lat' dir='ltr'>D.</span> <span class='ocrx_word' id='word_1_140' title='bbox 285 2947 370 3006; x_wconf 81' lang='lat' dir='ltr'>Sensi</span> <span class='ocrx_word' id='word_1_141' title='bbox 382 2948 480 3006; x_wconf 83' lang='lat' dir='ltr'>hercle</span> <span class='ocrx_word' id='word_1_142' title='bbox 493 2946 637 3024; x_wconf 81' lang='lat' dir='ltr'>colaphos,</span> <span class='ocrx_word' id='word_1_143' title='bbox 651 2948 695 3005; x_wconf 81' lang='lat' dir='ltr'>ite</span> <span class='ocrx_word' id='word_1_144' title='bbox 707 2948 750 3005; x_wconf 90' lang='lat' dir='ltr'>mi</span> <span class='ocrx_word' id='word_1_145' title='bbox 763 2949 887 3026; x_wconf 88' lang='lat' dir='ltr'>impegit</span> <span class='ocrx_word' id='word_1_146' title='bbox 905 2967 1039 3026; x_wconf 83' lang='lat' dir='ltr'>pugnum</span> <span class='ocrx_word' id='word_1_147' title='bbox 1056 2951 1089 3009; x_wconf 90' lang='lat' dir='ltr'>in</span> <span class='ocrx_word' id='word_1_148' title='bbox 1106 2972 1155 3013; x_wconf 89' lang='lat' dir='ltr'>os:</span> 
     </span>
     <span class='ocr_line' id='line_1_24' title="bbox 204 3044 1006 3105; baseline -0.001 0"><span class='ocrx_word' id='word_1_149' title='bbox 204 3046 263 3105; x_wconf 82' lang='lat' dir='ltr'>Sed</span> <span class='ocrx_word' id='word_1_150' title='bbox 283 3045 404 3104; x_wconf 83' lang='lat' dir='ltr'>dubiam</span> <span class='ocrx_word' id='word_1_151' title='bbox 423 3044 486 3103; x_wconf 86' lang='lat' dir='ltr'>vim</span> <span class='ocrx_word' id='word_1_152' title='bbox 506 3044 664 3103; x_wconf 87' lang='lat' dir='ltr'>verborum</span> <span class='ocrx_word' id='word_1_153' title='bbox 684 3044 757 3103; x_wconf 82' lang='lat' dir='ltr'>facit</span> <span class='ocrx_word' id='word_1_154' title='bbox 777 3045 822 3103; x_wconf 87' lang='lat' dir='ltr'>vis</span> <span class='ocrx_word' id='word_1_155' title='bbox 842 3047 1006 3105; x_wconf 87' lang='lat' dir='ltr'>verberum.</span> 
     </span>
     <span class='ocr_line' id='line_1_25' title="bbox 201 3143 1145 3221; baseline 0.007 -19"><span class='ocrx_word' id='word_1_156' title='bbox 201 3144 236 3203; x_wconf 92' lang='lat' dir='ltr'>A.</span> <span class='ocrx_word' id='word_1_157' title='bbox 279 3143 338 3202; x_wconf 79' lang='lat' dir='ltr'>Sed</span> <span class='ocrx_word' id='word_1_158' title='bbox 357 3143 430 3202; x_wconf 89' lang='lat' dir='ltr'>heus</span> <span class='ocrx_word' id='word_1_159' title='bbox 449 3150 492 3217; x_wconf 88' lang='lat' dir='ltr'>tu,</span> <span class='ocrx_word' id='word_1_160' title='bbox 515 3163 604 3221; x_wconf 80' lang='lat' dir='ltr'>quem</span> <span class='ocrx_word' id='word_1_161' title='bbox 625 3164 703 3216; x_wconf 84' lang='lat' dir='ltr'>mox,</span> <span class='ocrx_word' id='word_1_162' title='bbox 725 3144 850 3217; x_wconf 78' lang='lat' dir='ltr'>obsecro,</span> <span class='ocrx_word' id='word_1_163' title='bbox 868 3146 984 3204; x_wconf 87' lang='lat' dir='ltr'>revenit</span> <span class='ocrx_word' id='word_1_164' title='bbox 1005 3147 1145 3209; x_wconf 74' lang='lat' dir='ltr'>domumt</span> 
     </span>
     <span class='ocr_line' id='line_1_26' title="bbox 204 3242 812 3321; baseline -0.005 -18"><span class='ocrx_word' id='word_1_165' title='bbox 204 3243 305 3316; x_wconf 73' lang='lat' dir='ltr'>Credo,</span> <span class='ocrx_word' id='word_1_166' title='bbox 328 3243 442 3321; x_wconf 79' lang='lat' dir='ltr'>plaeere</span> <span class='ocrx_word' id='word_1_167' title='bbox 462 3243 550 3308; x_wconf 77' lang='lat' dir='ltr'>uxori</span> <span class='ocrx_word' id='word_1_168' title='bbox 573 3242 618 3300; x_wconf 87' lang='lat' dir='ltr'>vir</span> <span class='ocrx_word' id='word_1_169' title='bbox 637 3247 722 3301; x_wconf 84' lang='lat' dir='ltr'>eurut</span> <span class='ocrx_word' id='word_1_170' title='bbox 744 3260 812 3300; x_wconf 84' lang='lat' dir='ltr'>suae.</span> 
     </span>
    </p>

    <p class='ocr_par' dir='ltr' id='par_1_13' title="bbox 1007 3357 1073 3400">
     <span class='ocr_line' id='line_1_27' title="bbox 1007 3357 1073 3400; baseline -0.015 0"><span class='ocrx_word' id='word_1_171' title='bbox 1007 3357 1035 3400; x_wconf 84' lang='lat' dir='ltr'>B.</span> <span class='ocrx_word' id='word_1_172' title='bbox 1051 3358 1073 3400; x_wconf 79' lang='lat' dir='ltr'>S.</span> 
     </span>
    </p>
   </div>
   <div class='ocr_carea' id='block_1_8' title="bbox 0 0 1274 4096">
    <p class='ocr_par' dir='ltr' id='par_1_14' title="bbox 0 0 1274 4096">
     <span class='ocr_line' id='line_1_28' title="bbox 0 0 1274 4096; baseline 0 0"><span class='ocrx_word' id='word_1_173' title='bbox 0 0 1274 4096; x_wconf 95' lang='lat' dir='ltr'> </span> 
     </span>
    </p>
   </div>
  </div>
 </body>
</html>
