2514 4096
410 366 666 426 ARUNDINES
693 366 808 427 OAMI.
1046 370 1083 426 69

357 836 465 908 :illotus
485 854 593 898 amasa
612 838 683 900 ferte
703 839 766 917 §ute
785 853 865 906 rusa.

174 1003 311 1065 Dusamr
330 1009 485 1086 indignata
505 1030 572 1068 sues
593 1010 753 1088 Glaucopis
773 1009 927 1087 Athenas3

216 1105 352 1165 Helladis
373 1109 480 1166 oblitos
500 1109 615 1185 depulit
635 1111 680 1167 ira
701 1109 787 1168 Deos.

175 1201 269 1260 Haud
289 1223 371 1262 secus
390 1211 423 1262 at
443 1207 545 1262 vitreae
567 1226 619 1282 per
638 1207 717 1282 ripas
737 1207 869 1284 undique
889 1204 1018 1283 lymphae

215 1301 338 1359 Excitat
358 1310 513 1378 argenteos
534 1303 685 1379 Calliopea
705 1304 799 1379 pedes.

176 1395 297 1455 Excitat
316 1398 364 1455 hic
384 1398 503 1456 Lunam
523 1399 651 1457 tremula
672 1399 838 1457 Philomela
858 1400 986 1477 querela,

215 1495 277 1554 Hic
297 1497 361 1572 apis
380 1503 511 1554 assuetas
530 1498 614 1574 itque
635 1498 772 1574 reditque
792 1499 863 1570 vias,

176 1591 271 1670 Inque
292 1595 371 1652 diem
390 1595 507 1672 antiqui
527 1596 690 1673 penetralia
711 1596 820 1654 lustrat
841 1596 984 1672 Hymetti

215 1692 287 1763 Quas
308 1692 413 1752 Phoebi
433 1695 547 1752 medius
568 1695 660 1771 tingit
679 1695 778 1771 aprica
797 1696 897 1752 rubor.

176 1788 255 1863 Esto,
277 1797 514 1867 prosternamur3
534 1799 567 1850 at
587 1792 666 1851 haud
686 1793 902 1869 prosternimur
922 1793 995 1862 orbi,

214 1889 316 1948 Donec
336 1889 431 1948 adhue
450 1890 599 1967 reliquum
619 1891 699 1967 quod
718 1891 869 1948 foveamus
889 1891 979 1948 adest.

174 1985 292 2046 Primus
311 1995 347 2046 nt
367 1988 498 2047 Inachiis
518 2009 602 2047 amor
623 1996 668 2047 est
689 1995 811 2048 exortus
832 1990 865 2047 in
887 1989 955 2060 oris,

215 2084 332 2142 Ultima
353 2085 395 2144 sic
414 2086 477 2143 fato
497 2086 621 2143 victima
641 2087 726 2143 cedet
746 2106 835 2143 amor.

174 2180 281 2242 Nescio
295 2184 369 2260 quid
381 2185 477 2260 pulcri
488 2191 535 2254 est
549 2185 630 2261 quod
642 2185 739 2242 adhue
756 2185 812 2241 sibi
825 2183 959 2242 vindicat
976 2181 1082 2240 Hellas

214 2281 355 2360 (Nectite,
376 2281 414 2354 io,
436 2280 556 2357 Paphia,
577 2282 687 2338 nectite
708 2287 785 2338 serta
804 2278 882 2360 rosa)
899 2295 910 2361 Ἰ

173 2381 251 2440 (laelo
272 2382 344 2439 dum
364 2390 497 2458 superest
517 2383 622 2458 fulgor,
646 2383 718 2440 dum
737 2383 862 2440 flumina
882 2374 1039 2458 Nymphis,

213 2480 285 2538 Non
306 2480 412 2558 Cypris
431 2481 508 2538 hano
529 2480 661 2538 sobolem
682 2482 808 2558 denegat
828 2501 889 2539 esse
910 2482 1000 2539 silam.

172 2576 327 2655 Quotquot
345 2578 495 2651 mollitias,
516 2579 585 2656 puri
605 2579 800 2656 quodcunque
820 2579 953 2653 nitoris*

211 2675 337 2733 Aurora
357 2675 503 2752 gremium
523 2675 629 2733 Nostis
650 2682 681 2734 et
700 2677 772 2733 ulna
792 2677 898 2748 ferant,

173 2769 304 2831 Hellade
323 2774 535 2845 concelebrant,
557 2775 653 2851 ipsam
672 2774 812 2846 Hellada,
833 2774 916 2833 mille
936 2773 1057 2843 susurri,

214 2869 296 2928 Dum
315 2870 446 2947 trepidos
466 2871 548 2928 sedet
567 2891 628 2948 pax
648 2872 782 2929 rediviva
802 2879 908 2931 metus.

174 2965 279 3026 Texite
298 2987 351 3025 vos
370 2987 466 3042 roseae,
489 2969 530 3026 sio
550 2970 645 3027 texite
665 2976 744 3027 serta
765 2969 888 3043 corollae,

213 3063 288 3122 Haeo
307 3065 418 3122 nitidos
438 3066 571 3123 referunt
592 3067 643 3143 qui
663 3068 776 3142 periere
797 3067 859 3123 dies
865 3087 875 3139 3

176 3159 310 3221 Floribus
330 3163 411 3221 haud
430 3164 535 3241 patriis
555 3165 657 3241 patries
673 3165 737 3240 jam
758 3165 881 3240 spiritus
901 3164 1004 3222 afflans

214 3259 307 3319 Ducit
326 3260 455 3320 odoratis
475 3282 627 3321 murmura
647 3269 719 3321 nota
738 3262 836 3321 labris

923 3373 951 3416 A.
968 3376 999 3416 H.
