2514 4096
363 354 620 425 ARUNDINES
644 352 756 416 orm.
976 355 1034 414 223

84 684 194 745 Haecce
214 685 283 764 quis
303 687 459 765 expedietl
501 687 650 761 Proceres,
672 684 885 759 dormivimus,’
906 685 1023 764 inquit3

125 782 196 841 ‘Ad
216 783 349 842 medium
369 786 465 844 erevit
484 785 615 863 pendula
634 785 727 843 barbe
746 782 861 843 femur?

84 879 254 939 (lassentur
272 901 436 958 proceresy
452 882 543 953 ‘Quae
564 888 650 941 tenta
670 882 781 959 injuria
801 881 913 941 somnii
1024 928 1026 932 »

125 978 190 1036 Vix
210 978 317 1063 modici
339 981 455 1058 pransis
474 981 649 1040 detumuere
670 979 745 1039 cibi’

84 1199 163 1269 Rex,
183 1200 329 1279 majorum
350 1198 471 1261 umbras
491 1207 523 1262 et
543 1203 665 1261 nomine
685 1208 788 1263 sancte
807 1209 953 1281 precatus,

127 1296 294 1376 ‘Quicquid
314 1298 346 1357 id
367 1299 430 1368 est,'
450 1300 527 1369 infit,
551 1301 700 1358 ‘membre
719 1320 822 1378 sopore
842 1301 948 1379 rigent.

86 1395 149 1470 An,
170 1397 258 1455 modo
278 1416 367 1474 quam
389 1399 467 1456 suasi
487 1400 591 1476 legem,
613 1397 764 1473 Praefecto,
787 1398 942 1458 feramusl'

127 1492 308 1570 Splendidus
329 1494 503 1572 obsequium
523 1497 664 1573 preestitit
683 1515 734 1554 ore
754 1516 860 1556 senex:

86 1590 170 1668 Saepe
190 1590 241 1649 sed
262 1597 400 1650 curetum
420 1593 551 1651 versavit
572 1593 678 1670 pollice
697 1599 844 1670 torquem,

126 1689 169 1749 Et
180 1708 252 1748 rem
272 1690 428 1750 subridens
448 1691 568 1749 distulit
588 1691 760 1769 ancipitem.

882 1802 907 1847 0.
922 1803 955 1846 M.

425 2325 523 2394 otuu
542 2325 713 2406 eureus.

256 2497 357 2556 Contu
377 2497 410 2554 in
431 2495 578 2574 Pippenio
599 2497 729 2573 vagabar
750 2497 831 2571 olim,
952 2493 956 2500 ’

256 2595 361 2675 (collis
381 2595 545 2672 Pippenius
566 2595 632 2658 luto
652 2593 804 2674 madebat)

257 2692 396 2752 Occurrit
416 2692 492 2750 mihi
513 2693 646 2750 suaviter
665 2693 775 2769 puelle,

255 2789 297 2848 Et
317 2791 430 2848 salvere
446 2790 541 2866 jubet,
563 2809 643 2866 genu
665 2791 768 2849 soluto.

260 2943 286 3002 Ο
307 2943 448 3022 puellula,
469 2944 622 3020 virginum
643 2949 718 3020 quot
738 2948 841 3002 errent

260 3042 443 3102 Felicissime
463 3042 502 3100 sis
523 3043 743 3117 venustiorum3

226 3176 229 3182 ·
259 3140 347 3211 Quod
368 3139 462 3198 calcas
481 3158 548 3197 rose
567 3138 629 3211 fiat,
652 3138 678 3196 Ο
699 3137 825 3197 tenelle!

262 3239 296 3297 Si
307 3230 487 3296 ¹drachmum
508 3238 542 3295 in
561 3237 666 3295 loculis
686 3237 760 3295 meis
780 3238 928 3311 haberem,

261 3335 414 3395 Donarem
434 3335 492 3394 tibi
512 3335 594 3393 mille
615 3334 795 3412 margarites

890 3449 922 3491 Η.
937 3449 969 3491 D.
