2514 4096
407 363 663 424 ARUNDINES
688 362 800 424 OAMJ.

253 664 296 726 Οὔ
315 665 371 747 γάρ
391 691 427 744 με
446 664 550 742 λήθεις,
573 663 651 725 ἀλλὰ
669 663 815 748 γιγνώσκω
835 666 944 740 σαφῶς,

253 765 353 844 καίπερ
374 763 526 836 σκοτεινός,
546 763 652 847 τήνγε
672 762 729 841 σήν
749 761 836 840 αὐδήν
855 761 935 840 ὅμως.
984 793 988 805 .

173 896 318 955 Taureae
337 896 488 973 praeterito
509 915 576 954 cum
596 901 634 968 te,
656 913 722 952 mea
741 895 813 965 vita,
834 891 970 969 petebam

214 995 358 1072 Oonjugio
378 1013 494 1053 mecum
510 993 636 1070 jungere
656 1012 749 1051 caecus
770 1011 823 1069 ego
833 1012 842 1064 3

174 1092 311 1166 Ridebas,
333 1093 375 1150 sic
394 1092 473 1150 fama
492 1091 573 1162 tulit,
595 1089 920 1168 pulcherrimarum,
973 1161 975 1166 Ι

215 1191 302 1249 Flore
322 1191 409 1267 prior,
431 1208 523 1247 verna
542 1188 595 1264 qui
614 1192 764 1246 recreatur
783 1206 870 1264 aqua.

175 1290 238 1350 Iste
259 1290 346 1348 decor
364 1289 467 1347 vultus
487 1287 562 1360 aliis,
584 1307 618 1345 ea
638 1287 732 1344 ferma
751 1284 893 1362 placebat,

214 1389 287 1447 Heu
307 1389 399 1446 oculis
418 1407 573 1465 nunquam
592 1386 687 1444 forma
706 1380 834 1443 videnda
853 1380 945 1441 meisi
995 1375 999 1387 ’

176 1486 234 1545 sed
254 1487 328 1544 bene
348 1504 504 1562 cognoram
523 1504 632 1557 vocem,
654 1488 707 1540 tua
726 1482 831 1540 mellea
851 1482 941 1539 verba
950 1500 960 1556 3

216 1583 254 1641 Id
274 1584 333 1641 fuit
352 1602 369 1642 e
389 1583 467 1640 votis
488 1583 624 1640 omnibus
644 1600 730 1639 omne
749 1566 833 1638 mibi.

176 1787 297 1845 Interea
315 1783 429 1842 volucri
449 1784 522 1862 pede
542 1783 762 1861 praeterlabitur
781 1788 852 1841 aetas
860 1803 870 1858 3

218 1883 361 1944 Damnosi
381 1882 454 1960 quid
473 1901 534 1939 non
554 1859 729 1938 imminuere
749 1881 831 1938 diesl

177 1984 306 2059 Jamque
326 1981 525 2051 susurrabant,
546 1980 646 2056 nigros
666 1979 811 2037 albescere
831 1977 933 2050 crines,

218 2081 315 2159 Inque
334 2081 417 2157 genis
437 2079 539 2136 molles
559 2078 714 2154 deperiisse
734 2096 821 2134 rosas

178 2179 294 2238 Inscius
314 2177 433 2235 audivi:
454 2196 508 2234 nec
528 2181 599 2233 sunt
619 2174 693 2232 mihi
713 2174 785 2231 talia
805 2187 881 2231 curae
890 2190 901 2244 3

218 2275 372 2351 Effugiant
391 2293 520 2346 veneres,
542 2293 602 2330 non
624 2292 676 2348 ego
696 2272 782 2330 testis
803 2291 868 2329 ero:

179 2372 288 2431 Mulsit
307 2373 403 2430 adhuc
423 2391 488 2430 mea
507 2391 555 2429 me
574 2372 654 2429 vocis
673 2370 828 2429 dulcedine
848 2370 957 2447 conjux
966 2389 976 2443 3

220 2471 258 2528 Id
277 2470 336 2528 fuit
356 2489 372 2527 e
392 2470 470 2528 votis
491 2469 627 2527 omnibus
647 2488 733 2527 omne
753 2469 835 2527 mibi

181 2673 238 2746 Sic,
259 2692 326 2732 mea
344 2673 406 2747 lux,
428 2694 489 2732 una
509 2675 564 2732 sub
584 2675 654 2732 caelo
674 2674 836 2733 errabimus
856 2675 941 2746 almo,

220 2771 334 2829 Vivida
354 2773 424 2829 dum
445 2772 539 2829 calido
559 2773 700 2848 sanguine
720 2792 795 2830 vena
815 2772 902 2847 salit3

181 2870 223 2928 Et
241 2871 300 2928 nisi
320 2870 418 2929 felices
438 2871 556 2947 quando
576 2872 797 2928 numerabimus
817 2870 913 2944 horas,

221 2966 412 3026 Immemores
432 2970 542 3027 erimus
562 2989 616 3026 nos
636 2969 724 3026 simul
745 2989 805 3027 esse
826 2989 915 3027 senes.

181 3065 267 3135 Quod
287 3066 313 3122 si
332 3065 507 3124 immutetur
527 3085 626 3124 roseus
647 3067 725 3124 color
744 3066 796 3124 ille
816 3086 964 3142 genarum,

222 3162 316 3219 Frons
336 3161 407 3219 licet
426 3163 514 3219 uxori
534 3162 573 3220 sit
593 3163 692 3220 minus
713 3163 780 3220 alba
800 3182 871 3219 meae
882 3183 892 3235 3

181 3260 254 3317 Vox
273 3266 326 3318 tua
345 3260 471 3319 facunda
491 3280 538 3317 me
560 3262 637 3337 cepit
657 3260 783 3336 imagine
803 3260 942 3336 primum,

222 3359 295 3417 Vox
314 3365 368 3417 tua
387 3359 440 3417 dat
459 3360 615 3436 liquidum,
637 3361 717 3437 quod
737 3359 819 3417 dedit
839 3364 917 3429 ante,
939 3355 1036 3413 melos.

846 3479 1004 3534 ‚raam
