2514 4096
326 365 583 427 ARUNDINES
607 364 722 427 OAMJ.
940 367 999 427 343

370 799 467 866 vates
488 796 675 878 51111111

173 962 279 1020 Varus
300 970 386 1038 surge
406 960 486 1019 Dei!
529 959 631 1037 Surge,
654 966 685 1018 et
705 960 871 1018 adulteram

100 1110 104 1114 .
174 1059 214 1116 In
233 1062 351 1136 gentem
372 1058 512 1116 aethereas
532 1059 685 1135 praecipita
704 1058 816 1117 minas:

256 1156 328 1214 Oaeli
349 1161 471 1213 concute
491 1155 584 1213 fasces

257 1252 325 1312 Hoe
345 1254 448 1312 fanum
468 1273 556 1330 super
575 1254 719 1331 impium!

175 1408 266 1468 Scalis
285 1428 392 1486 agmen
411 1406 464 1464 ubi
483 1407 595 1484 pensile
615 1407 721 1466 lucidis

178 1507 333 1566 Devenere
352 1507 417 1583 pios
437 1506 602 1583 angelicum
622 1512 744 1583 patres„
815 1554 818 1560 .

259 1605 350 1662 Nunc
369 1604 450 1662 falsae
470 1603 583 1679 magica
603 1623 661 1661 1111

262 1701 404 1780 Splendet
426 1701 542 1759 flamma
562 1703 739 1779 crepuscula.

181 1861 207 1932 I,
230 1859 337 1918 devota
358 1859 465 1917 eadent
486 1879 557 1917 saxa
577 1860 633 1918 sub
652 1859 768 1918 hostie!
817 1891 818 1894 ¹

149 2024 151 2027 v
181 1957 207 2030 Ι,
230 1977 332 2035 sparge
353 1963 384 2015 et
405 1957 537 2015 eineres!
558 1957 679 2016 brachia
698 1977 813 2016 maeera

263 2054 359 2112 Torva
379 2075 457 2128 voce,
479 2055 616 2132 profanas

264 2151 487 2230 Amplectentia
507 2153 659 2230 imagines.

185 2306 268 2378 Tum,
291 2323 346 2362 nee
365 2304 455 2381 longa
474 2323 557 2362 mora
577 2310 629 2378 1111,
651 2310 736 2364 verte
756 2311 836 2364 retro
857 2307 962 2383 pedes:

187 2402 334 2461 0111111111
354 2407 399 2460 est
419 2402 521 2459 eadem
541 2422 602 2459 non
622 2403 680 2461 tibi
701 2405 814 2476 semita,

267 2500 316 2558 Ne
336 2519 396 2576 qua
416 2499 534 2576 impura
553 2500 691 2578 voluptas

268 2595 403 2655 Mentem
423 2595 547 2654 fascinet
567 2596 699 2655 insciam.

190 2749 253 2809 Seis
273 2755 309 2809 tn
329 2770 419 2828 quam
439 2769 528 2826 grave
549 2749 589 2808 sit
609 2751 863 2828 praetereuntibus,

190 2852 257 2922 Qua
278 2850 347 2908 solis
366 2849 549 2927 placidorum
569 2849 603 2906 in
622 2869 778 2908 nemorum
793 2850 876 2929 jugis

273 2946 361 3005 Olera
381 2947 436 3004 sub
457 2946 519 3003 face
539 2943 632 3003 lunae¹

272 3045 396 3104 Festum
415 3045 597 3122 perstrepuit
616 3043 724 3120 1111111;

193 3202 260 3272 Qua
279 3199 378 3278 palma
396 3203 450 3256 aut
469 3197 560 3256 viridi
579 3196 648 3255 laeta
668 3197 722 3254 sub
742 3196 810 3257 ilice

193 3299 323 3358 Dianam
342 3296 491 3355 eelebrent
511 3295 642 3354 earmina
662 3295 822 3372 virginum,

275 3396 463 3472 Lascivaeque
477 3395 602 3466 ehoreae,
624 3397 655 3450 et

275 3492 475 3572 Vespertinus
494 3491 567 3550 odor
586 3509 715 3568 precum.
