2514 4096
374 337 632 401 ARUNDINES
656 336 775 399 OAMI.
894 345 896 349 '
990 340 1049 401 205

520 794 633 861 manaa

263 946 396 1018 Quanno
414 946 565 1006 insonaret
585 945 640 1005 sub
660 945 744 1005 trabe
764 944 876 1005 dadula

262 1043 320 1103 Via
339 1063 417 1103 aava
435 1048 602 1117 ventorum,
624 1047 655 1103 et
675 1042 773 1120 pelagi
792 1043 878 1122 palus

303 1140 452 1202 Gonoussa
471 1140 609 1199 suaderet
628 1139 774 1210 timorem,
907 1157 911 1165 ·

342 1239 442 1318 Inque
460 1239 544 1318 genia
563 1238 726 1316 trepidaret
745 1238 862 1310 humor,

263 1335 354 1396 Fovit
373 1337 517 1396 tenellum
538 1336 645 1396 Persea
663 1335 792 1396 brachiis

262 1433 410 1513 Dixitque
429 1434 548 1494 Mater:
572 1433 642 1492 ‘Me
660 1434 808 1504 miseram,
827 1432 936 1512 quibus

304 1531 391 1592 (iuris
410 1531 529 1591 laboro!
550 1536 586 1590 tu
605 1531 657 1590 aed
676 1531 759 1590 aereis

343 1628 490 1689 Veetibus
510 1628 725 1708 implacidoque
744 1628 830 1703 lecto,

265 1724 393 1786 Iactena
407 1727 560 1805 juventus,
581 1725 729 1800 sterneris,
751 1732 782 1785 et
802 1731 891 1786 tuum

266 1823 370 1901 Ouinia
389 1842 543 1901 soporem:
564 1828 596 1882 te
615 1822 713 1901 pelagi
731 1823 841 1902 premit

305 1920 436 1998 Oaelique
456 1920 567 1999 ealig03
586 1921 639 1979 aed
657 1920 721 1998 ipse

344 2019 518 2080 Immemori
537 2019 644 2077 fiueiis
663 2018 764 2096 quiete
773 2037 784 2093 3

265 2113 420 2185 Quantum
441 2112 555 2192 capillis
575 2113 751 2172 immineant
769 2130 862 2190 aquae,

265 2212 477 2289 Quantumque
496 2211 581 2270 venti
600 2211 647 2269 vis
667 2215 776 2288 crepet,
795 2211 883 2271 unice

306 2309 452 2370 Saturus:
473 2313 509 2367 ut
528 2308 651 2387 pulcher
669 2309 827 2387 nitensque

347 2399 502 2486 Pm'pureo
522 2406 645 2466 reoubaa
663 2407 695 2465 in
716 2407 814 2465 ostro!

266 2502 353 2574 Quod
372 2503 399 2563 ai
417 2504 538 2562 timeres
558 2523 624 2581 quae
644 2503 720 2562 mihi
738 2510 812 2563 aunt
830 2510 921 2579 metu,

265 2599 307 2660 Et
327 2620 399 2660 anre
418 2620 520 2660 vocem
540 2601 705 2679 eonoiperes
724 2620 830 2676 meam,

187 2686 189 2690 ’
306 2697 422 2772 Dormi,
438 2698 576 2777 juberem
586 2719 596 2773 ;
617 2699 788 2759 dormiunto

347 2793 435 2854 Dura
453 2795 531 2874 fugae
550 2796 637 2869 mala,
658 2797 734 2855 dura
752 2796 847 2873 ponti.

267 2891 317 2952 Sic
337 2897 369 2951 et
388 2893 535 2971 benignus
554 2894 712 2952 consilium
731 2892 823 2952 Pater
867 2936 871 2947 .

268 2990 372 3050 Mutet
392 2991 540 3068 refingens
558 2991 592 3050 in
611 2991 724 3065 melius,
745 3009 862 3068 nequa·

308 3087 385 3148 Hoee
405 3089 481 3147 nolit
501 3089 610 3163 ulcisci,
632 3090 777 3167 precando

348 3186 394 3245 Ni
413 3186 522 3246 fuerim
541 3186 668 3245 nimium
688 3186 812 3246 molesta
822 3184 841 3246 1²

905 3299 929 3344 0·
945 3298 975 3341 Μ.
