2514 4096
411 353 669 415 ARUNDINES
695 353 812 417 OAMJ.
1032 359 1099 424 165.

498 733 618 808 Μυῖα
636 733 729 798 vlla.

173 891 242 962 Quo
262 893 361 969 paries
381 889 503 968 agimus,
525 895 606 948 terra
627 895 672 949 esi
694 909 850 950 commune
870 890 1024 951 thealrum

173 1004 326 1082 Scenaque
345 1005 510 1064 factorum:
531 1005 684 1063 instabiles
705 1004 830 1080 eximus,
853 1004 974 1077 inimus,

173 1119 346 1196 Fabulaque
366 1120 400 1177 in
420 1126 532 1196 septem
553 1119 624 1178 vitae
645 1119 821 1197 producitur
842 1125 934 1179 acius.

173 1230 326 1308 Principio
346 1228 379 1290 iu
399 1229 483 1288 cunis
503 1229 586 1306 vagii
607 1229 671 1288 sine
691 1229 810 1294 viribus
826 1229 933 1302 infans,

173 1344 370 1422 Nutricisque
390 1344 458 1402 sinu
477 1344 573 1402 vomit
594 1348 625 1402 et
645 1343 747 1401 lallare
767 1350 892 1403 recusat.

173 1459 249 1519 Inde
268 1479 345 1537 puer
364 1458 505 1536 querulus
526 1457 620 1516 doctae
640 1457 679 1514 ad
699 1456 822 1516 delubra
843 1458 991 1521 Minervae

174 1573 339 1651 Suspensus
359 1573 465 1631 dextra
485 1572 603 1646 loculos,
626 1578 658 1630 ei
676 1572 796 1632 lucidus
816 1593 876 1644 ora,

174 1688 297 1747 Inoessu
315 1686 402 1746 tardo
422 1687 559 1763 adrepib:
579 1691 647 1744 tum
666 1686 762 1744 tristis
783 1693 899 1747 amabor

174 1801 317 1860 Fornaois
336 1800 399 1858 ritu
418 1800 522 1874 fervet,
545 1819 679 1876 caraeque
697 1799 805 1877 puellae

173 1915 269 1974 Molle
288 1913 480 1992 supercilium
499 1914 621 1991 lugubri
641 1914 772 1975 carmine
792 1914 904 1976 laudab.

175 2031 259 2090 Hine
279 2029 406 2090 bellator
425 2035 520 2102 atrox,
541 2029 575 2086 in
590 2029 693 2106 jurgia
712 2036 868 2108 promptus
888 2038 919 2090 et
939 2033 1045 2108 audax,

173 2149 196 2209 J
198 2166 287 2206 urans
305 2165 359 2223 per
378 2146 445 2205 loca·
461 2146 545 2219 mira,
567 2145 636 2204 ferae
656 2146 797 2205 barbatus
817 2148 857 2206 ad
876 2149 981 2223 instar,

173 2265 298 2324 Vanum
318 2273 349 2323 eb
368 2263 459 2321 inane
479 2263 568 2321 deous
587 2263 637 2320 vel
656 2262 690 2320 in
709 2262 774 2339 ipso
794 2261 899 2322 limine
919 2264 1025 2323 mortis

176 2361 411 2452 Quarit'ovans,
432 2378 587 2456 vitamque
608 2378 692 2455 cupit
711 2398 766 2457 pro
786 2379 875 2438 laude
894 2381 1021 2458 pacisci!

175 2494 335 2553 Proximus
355 2492 388 2550 in
409 2511 526 2550 scenam
541 2490 638 2568 judex
657 2492 748 2551 venii.
791 2492 850 2552 Ille
869 2496 1000 2554 rotundo

174 2608 292 2668 Venire
312 2606 392 2683 capit
411 2604 539 2682 pullum,
559 2605 707 2682 laubaeque
728 2606 850 2682 opsonia
868 2627 986 2683 mensae,

176 2720 350 2781 contractos
370 2731 513 2796 torquens
533 2718 641 2790 oeulos,
662 2719 813 2797 barbaque
832 2721 984 2780 timendus
994 2742 1004 2797 ;

174 2836 335 2912 Verbaque
355 2833 544 2911 doctiloqui
564 2834 647 2911 solet,
669 2840 700 2893 et
719 2853 767 2892 res
786 2854 921 2913 promere
941 2837 1029 2896 tritas
1038 2855 1049 2910 3

175 2948 218 3007 Et
237 2948 295 3006 sibi
314 2947 356 3006 sio
375 2948 511 3026 proprias
530 2947 631 3026 paries
651 2949 721 3026 agit.
764 2948 843 3009 Inde
863 2957 984 3011 senecta

174 3062 330 3121 Vaoillans
350 3081 442 3120 curva
460 3062 583 3132 titubas,
603 3062 779 3122 macilentus
799 3063 959 3139 homullus,

176 3178 262 3238 Iane
281 3179 450 3256 podagrosae
471 3198 639 3256 supponens
659 3180 791 3256 tegmina
809 3180 936 3257 plantae3

176 3296 234 3355 Oui
254 3315 326 3374 pera
344 3296 482 3354 adlatus
503 3303 555 3370 est,
578 3301 610 3355 ei
629 3296 726 3356 vitrea
745 3297 861 3356 lumina
882 3318 1005 3372 nasum;

176 3412 243 3484 Oui,
264 3412 341 3472 bene
360 3418 504 3485 servatus,
521 3412 586 3490 jam
605 3413 699 3490 major
719 3433 803 3474 orme
824 3415 1002 3489 cothurnus5
