2514 4096
361 354 616 416 ARUNDINES
642 354 757 416 olm.
973 355 1033 415 295

418 709 547 784 dttclctb
568 709 700 790 loquitur.

166 867 193 926 0
215 884 302 942 socu,
323 867 399 926 mihi
419 868 497 926 bella
516 868 653 946 placent:
674 888 722 928 ars
741 868 830 928 unica
849 868 969 940 bellum,

166 983 231 1042 Nec
250 984 350 1061 plures
368 983 505 1043 didicisse
524 983 611 1045 volo:
633 984 741 1060 quibua
760 983 844 1054 utile,
865 1000 954 1041 caecas

167 1095 289 1155 Consilii
308 1097 444 1175 ambages
459 1097 583 1174 jactent,
604 1096 797 1174 fraudemque
817 1102 994 1175 sequantur:

166 1207 239 1266 Non
257 1208 313 1266 hoc
332 1207 391 1266 ista
410 1208 467 1266 sibi
486 1213 604 1285 tempus
624 1208 777 1266 molimina
796 1209 897 1287 poscit

167 1320 249 1379 Nam
268 1322 341 1380 dum
361 1321 485 1399 quisque
506 1321 587 1379 dolos
606 1321 685 1379 texit
705 1322 788 1379 vafer
807 1326 897 1398 atque
916 1320 1034 1393 retexit,

167 1436 235 1496 En!
256 1437 326 1496 caelo
345 1437 476 1515 prodigae
496 1442 577 1495 stant
598 1437 709 1494 circum
728 1435 810 1494 mille
830 1436 971 1510 cohortes,

167 1549 360 1629 Armatisque
379 1552 510 1611 fremunt
531 1551 651 1625 dextris,
674 1556 705 1609 et
724 1552 808 1628 signa
826 1557 985 1629 reposcunt

167 1667 334 1745 Expectata
345 1669 416 1739 diu,
437 1669 463 1726 si
482 1667 601 1746 quando
622 1667 737 1725 occlusa
756 1673 909 1725 resumant

167 1780 290 1840 Sidera:
310 1781 362 1840 aed
380 1781 477 1839 nostri
496 1781 610 1839 interea
629 1781 780 1857 nigrantia
799 1781 895 1839 lustra

168 1893 294 1954 Sedibus
314 1895 423 1972 optatis
443 1895 572 1972 foedique
592 1895 749 1971 opprobria
768 1901 889 1954 mutant

169 2009 308 2083 Carceris,
330 2014 419 2087 atque
439 2009 492 2068 alii
512 2010 637 2069 tradunt
657 2031 712 2070 sua
731 2032 823 2089 regna
842 2012 991 2071 morando.

169 2123 251 2194 Quin
270 2125 371 2202 potius
390 2123 476 2182 taedis
497 2123 588 2183 Erebi
608 2125 749 2204 rabieque
769 2126 899 2204 maligna

169 2237 316 2297 Instmcti
336 2238 425 2296 simul
445 2238 595 2308 irruimus,
615 2258 762 2317 cursuque
781 2260 834 2317 per
853 2261 940 2300 auras

168 2352 319 2431 Praecipiti
339 2371 484 2412 summam
504 2354 706 2430 superavimus
726 2355 844 2413 aetheris
864 2375 970 2426 arcem,

168 2466 352 2544 Torquentes
372 2485 450 2524 nova
469 2465 529 2524 tela
549 2486 649 2540 manu,
670 2447 877 2546 tormentaque
896 2469 935 2527 ab
955 2470 1019 2549 ipso

168 2580 293 2652 Addita,
315 2584 346 2636 et
367 2579 400 2636 in
420 2579 525 2638 caelum
545 2580 608 2638 caeli
628 2582 826 2640 convertimus
845 2582 912 2642 iras.

168 2693 286 2753 Audiet
305 2692 357 2752 ille
376 2712 464 2751 suum
483 2693 522 2751 ad
542 2693 655 2752 fulmen
674 2694 826 2753 reboantia
845 2714 937 2772 regna

169 2806 292 2865 Inferno
311 2808 435 2882 tonitru,
457 2827 511 2867 nec
531 2814 639 2867 nostrae
660 2809 779 2886 fulgura
799 2815 905 2869 turmae

170 2921 330 2981 Defuerint
338 2942 349 2996 ;
369 2928 454 2982 tanto
474 2923 602 2999 strepitu
621 2922 703 2980 furor
723 2929 840 2981 evomet
858 2930 939 2984 atros

169 3034 257 3093 Inter
276 3035 416 3094 caelicolas
435 3035 524 3113 ignes,
547 3035 711 3113 soliumque
731 3037 857 3115 replebit

169 3150 289 3209 Sulfime
309 3150 449 3210 Tartareo
470 3156 500 3210 at
519 3152 608 3229 piceae
629 3152 754 3230 caligine
773 3154 870 3227 nubis

170 3268 370 3346 Effirndetque
390 3287 482 3327 novas
500 3269 641 3343 flammas,
662 3269 786 3329 inventa
805 3270 934 3347 tyranni.

858 3395 898 3445 ‘u
914 3384 959 3444 u*
