2514 4096
410 336 669 422 terrestre
694 362 811 426 orris.
1026 362 1085 443 26⁵

174 637 264 697 Nune
282 657 406 716 posuere
425 638 534 713 animi5
554 659 634 698 nunc
654 659 733 718 aegra
753 638 898 718 Superbia
917 640 1027 700 dormit
1033 661 1042 716 5

216 736 364 814 Livorque
382 736 536 810 insomnis,
556 757 665 815 speque
684 736 805 796 relictus
824 739 923 797 Amor
928 758 938 812 ;

175 830 290 893 Fundit
310 839 412 893 saneta
431 835 515 911 quies
536 841 669 912 optatam
688 836 722 893 in
741 841 861 912 pectora
880 855 1000 912 paeem3

215 930 280 992 Nec
300 933 376 991 furit
395 932 541 1007 Ambitio,
564 952 618 992 nee
637 933 712 993 levis
732 933 785 991 Ire
804 939 908 992 tumet.

176 1087 223 1146 Sit
242 1087 325 1162 mihi,
347 1089 387 1148 sit
405 1094 506 1148 tecum
525 1090 683 1149 meditanti
703 1110 801 1150 errare
821 1110 875 1168 per
894 1110 994 1169 agr0s5

215 1187 276 1260 Me,
298 1187 390 1266 virge,
412 1189 497 1247 sociis
516 1189 592 1247 adde
611 1190 744 1247 modesta
763 1189 841 1251 tuis:

176 1285 223 1344 Sit
242 1286 317 1343 mihi
337 1306 414 1364 saepe
433 1305 509 1365 vaga
527 1287 683 1345 voluerum
703 1287 829 1364 gaudere
850 1285 976 1364 querela,

217 1384 290 1453 Quae
309 1389 370 1458 tue,
392 1386 464 1444 dum
483 1385 597 1459 recinit,
619 1391 759 1462 personat
779 1404 857 1456 arva,
880 1383 972 1442 Vale!

935 1499 961 1538 t.

203 2176 289 2255 §tite
308 2192 389 2248 tuem
408 2184 479 2257 nibil
498 2192 542 2252 ert
561 2183 618 2252 niti
637 2193 664 2248 te
684 2183 752 2251 tritt
772 2183 822 2255 tut
843 2183 912 2248 ttiet
932 2179 1011 2243 alter.

174 2341 289 2401 ARDUA
309 2342 381 2400 dum
401 2341 509 2400 coleret
529 2341 629 2419 spissis
649 2340 798 2399 coenacula
817 2339 910 2411 libris,

216 2439 382 2518 Squellenti
402 2440 490 2498 vultu
510 2445 541 2498 et
561 2438 750 2515 squallidiore
770 2446 848 2515 toga,

175 2544 249 2604 Haee
270 2545 386 2623 Sophus
406 2545 537 2604 esuriens
559 2543 687 2624 (nonde
707 2562 794 2620 grege
813 2561 919 2619 porcus
940 2541 1036 2609 obem,

213 2643 275 2701 Ast
294 2643 394 2700 animo
414 2649 537 2719 turgens
557 2660 612 2698 nee
632 2640 709 2697 mele
729 2636 844 2719 pastus)
864 2639 923 2714 ait5

177 2739 287 2810 ‘Quam
307 2741 382 2799 bene
403 2740 440 2798 de
462 2740 532 2798 eaelo
553 2739 706 2797 deseendit
726 2737 814 2818 γνῶθι
834 2734 964 2797 σεαυτόν·

216 2837 312 2906 Quam
332 2837 407 2895 bene
423 2837 538 2913 judicio
558 2835 730 2911 comprobor
749 2836 812 2911 ipse
833 2835 915 2893 meo!

176 2933 263 3004 Quod
282 2934 373 2993 latuit
393 2934 491 3007 didiei,
513 2941 544 2992 et
564 2934 695 2992 multum
715 2933 838 2991 latuisse
858 2932 973 2991 fatebor
979 2952 989 3006 ;

215 3033 305 3092 Eece!
325 3033 451 3110 plaeens,
473 3032 584 3104 hilam,
606 3030 709 3102 bellus,
732 3050 864 3088 amoenus
884 3031 990 3088 homo!

177 3131 242 3203 Ibe,
264 3150 312 3188 me
332 3131 484 3189 estendam
504 3129 622 3207 populo,
644 3129 759 3206 totique
781 3130 921 3187 Suburrae
931 3150 940 3203 3

217 3227 262 3286 Ni
281 3227 355 3286 sciet
374 3227 430 3285 hoe
449 3227 532 3300 alter,
554 3227 628 3286 seire
647 3245 747 3284 meum
766 3227 843 3285 nihil
863 3227 924 3286 est!

719 3337 723 3346 '
928 3345 959 3384 Η.
975 3343 1004 3382 ι).
