<?xml version="1.0" encoding="UTF-8"?>
<!DOCTYPE html PUBLIC "-//W3C//DTD XHTML 1.0 Transitional//EN"
    "http://www.w3.org/TR/xhtml1/DTD/xhtml1-transitional.dtd">
<html xmlns="http://www.w3.org/1999/xhtml" xml:lang="en" lang="en">
 <head>
  <title>
</title>
<meta http-equiv="Content-Type" content="text/html;charset=utf-8" />
  <meta name='ocr-system' content='tesseract 3.04.00' />
  <meta name='ocr-capabilities' content='ocr_page ocr_carea ocr_par ocr_line ocrx_word'/>
</head>
<body>
  <div class='ocr_page' id='page_1' title='image "./arundinescamisi02drurgoog_0106.png"; bbox 0 0 2514 4096; ppageno 0'>
   <div class='ocr_carea' id='block_1_1' title="bbox 418 310 1090 417">
    <p class='ocr_par' dir='ltr' id='par_1_1' title="bbox 418 310 1090 417">
     <span class='ocr_line' id='line_1_1' title="bbox 418 310 1090 417; baseline -0.006 -1"><span class='ocrx_word' id='word_1_1' title='bbox 418 310 675 417; x_wconf 67' lang='lat' dir='ltr'><strong>sacremus</strong></span> <span class='ocrx_word' id='word_1_2' title='bbox 699 354 814 416; x_wconf 71' lang='lat' dir='ltr'><strong>crus.</strong></span> <span class='ocrx_word' id='word_1_3' title='bbox 1052 355 1090 416; x_wconf 77' lang='lat'><strong>73</strong></span> 
     </span>
    </p>
   </div>
   <div class='ocr_carea' id='block_1_2' title="bbox 414 663 818 743">
    <p class='ocr_par' dir='ltr' id='par_1_2' title="bbox 414 663 818 743">
     <span class='ocr_line' id='line_1_2' title="bbox 414 663 818 743; baseline -0.007 -15"><span class='ocrx_word' id='word_1_4' title='bbox 414 663 521 738; x_wconf 59' lang='lat' dir='ltr'><strong>fflatir</strong></span> <span class='ocrx_word' id='word_1_5' title='bbox 540 664 659 727; x_wconf 68' lang='lat' dir='ltr'><strong>aaran</strong></span> <span class='ocrx_word' id='word_1_6' title='bbox 679 677 818 743; x_wconf 69' lang='lat' dir='ltr'><strong>suprema</strong></span> 
     </span>
    </p>
   </div>
   <div class='ocr_carea' id='block_1_3' title="bbox 181 813 936 1179">
    <p class='ocr_par' dir='ltr' id='par_1_3' title="bbox 181 813 936 989">
     <span class='ocr_line' id='line_1_3' title="bbox 181 813 933 891; baseline -0.005 -20"><span class='ocrx_word' id='word_1_7' title='bbox 181 814 247 872; x_wconf 73' lang='lat' dir='ltr'><strong>Pus</strong></span> <span class='ocrx_word' id='word_1_8' title='bbox 266 819 389 873; x_wconf 68' lang='lat' dir='ltr'><strong>noctem</strong></span> <span class='ocrx_word' id='word_1_9' title='bbox 408 815 515 891; x_wconf 84' lang='lat' dir='ltr'><strong>vigiles</strong></span> <span class='ocrx_word' id='word_1_10' title='bbox 536 813 683 890; x_wconf 74' lang='lat' dir='ltr'><strong>spirantia</strong></span> <span class='ocrx_word' id='word_1_11' title='bbox 703 814 785 870; x_wconf 88' lang='lat' dir='ltr'><strong>labra</strong></span> <span class='ocrx_word' id='word_1_12' title='bbox 804 817 933 882; x_wconf 77' lang='lat' dir='ltr'><strong>tuemur,</strong></span> 
     </span>
     <span class='ocr_line' id='line_1_4' title="bbox 221 909 936 989; baseline -0.004 -20"><span class='ocrx_word' id='word_1_13' title='bbox 221 911 357 989; x_wconf 76' lang='lat' dir='ltr'><strong>Languet</strong></span> <span class='ocrx_word' id='word_1_14' title='bbox 376 919 412 970; x_wconf 78' lang='lat' dir='ltr'><strong>ub</strong></span> <span class='ocrx_word' id='word_1_15' title='bbox 432 913 465 970; x_wconf 92' lang='lat' dir='ltr'><strong>in</strong></span> <span class='ocrx_word' id='word_1_16' title='bbox 485 913 614 970; x_wconf 73' lang='lat' dir='ltr'><strong>tremulo</strong></span> <span class='ocrx_word' id='word_1_17' title='bbox 635 911 739 969; x_wconf 86' lang='lat' dir='ltr'><strong>debilis</strong></span> <span class='ocrx_word' id='word_1_18' title='bbox 759 929 832 967; x_wconf 87' lang='lat' dir='ltr'><strong>aura</strong></span> <span class='ocrx_word' id='word_1_19' title='bbox 852 909 936 981; x_wconf 72' lang='lat' dir='ltr'><strong>siuuj</strong></span> 
     </span>
    </p>

    <p class='ocr_par' dir='ltr' id='par_1_4' title="bbox 181 1007 894 1179">
     <span class='ocr_line' id='line_1_5' title="bbox 181 1007 890 1086; baseline -0.007 -19"><span class='ocrx_word' id='word_1_20' title='bbox 181 1009 306 1086; x_wconf 80' lang='lat' dir='ltr'><strong>Sanguis</strong></span> <span class='ocrx_word' id='word_1_21' title='bbox 326 1016 358 1068; x_wconf 77' lang='lat' dir='ltr'><strong>et</strong></span> <span class='ocrx_word' id='word_1_22' title='bbox 377 1010 409 1067; x_wconf 91' lang='lat' dir='ltr'><strong>in</strong></span> <span class='ocrx_word' id='word_1_23' title='bbox 429 1009 512 1068; x_wconf 86' lang='lat' dir='ltr'><strong>venis</strong></span> <span class='ocrx_word' id='word_1_24' title='bbox 532 1010 647 1066; x_wconf 72' lang='lat' dir='ltr'><strong>alterno</strong></span> <span class='ocrx_word' id='word_1_25' title='bbox 667 1007 796 1065; x_wconf 77' lang='lat' dir='ltr'><strong>molliter</strong></span> <span class='ocrx_word' id='word_1_26' title='bbox 816 1011 890 1063; x_wconf 79' lang='lat' dir='ltr'><strong>aestu</strong></span> 
     </span>
     <span class='ocr_line' id='line_1_6' title="bbox 221 1105 894 1179; baseline -0.003 -15"><span class='ocrx_word' id='word_1_27' title='bbox 221 1106 370 1179; x_wconf 63' lang='lat' dir='ltr'><strong>Fructum</strong></span> <span class='ocrx_word' id='word_1_28' title='bbox 392 1108 488 1166; x_wconf 79' lang='lat' dir='ltr'><strong>aestivi</strong></span> <span class='ocrx_word' id='word_1_29' title='bbox 508 1127 562 1166; x_wconf 87' lang='lat' dir='ltr'><strong>ceu</strong></span> <span class='ocrx_word' id='word_1_30' title='bbox 582 1113 678 1164; x_wconf 74' lang='lat' dir='ltr'><strong>tumet</strong></span> <span class='ocrx_word' id='word_1_31' title='bbox 698 1106 778 1163; x_wconf 85' lang='lat' dir='ltr'><strong>unda</strong></span> <span class='ocrx_word' id='word_1_32' title='bbox 798 1105 894 1162; x_wconf 86' lang='lat' dir='ltr'><strong>maris.</strong></span> 
     </span>
    </p>
   </div>
   <div class='ocr_carea' id='block_1_4' title="bbox 180 1256 1006 1627">
    <p class='ocr_par' dir='ltr' id='par_1_5' title="bbox 181 1256 937 1432">
     <span class='ocr_line' id='line_1_7' title="bbox 181 1256 937 1335; baseline 0.004 -23"><span class='ocrx_word' id='word_1_33' title='bbox 181 1256 323 1333; x_wconf 82' lang='lat' dir='ltr'>Tempore</span> <span class='ocrx_word' id='word_1_34' title='bbox 342 1278 396 1316; x_wconf 89' lang='lat' dir='ltr'><strong>nos</strong></span> <span class='ocrx_word' id='word_1_35' title='bbox 415 1259 467 1316; x_wconf 90' lang='lat' dir='ltr'><strong>illo</strong></span> <span class='ocrx_word' id='word_1_36' title='bbox 487 1260 541 1316; x_wconf 87' lang='lat' dir='ltr'><strong>vix</strong></span> <span class='ocrx_word' id='word_1_37' title='bbox 560 1278 659 1335; x_wconf 85' lang='lat' dir='ltr'><strong>pressa</strong></span> <span class='ocrx_word' id='word_1_38' title='bbox 679 1278 750 1317; x_wconf 87' lang='lat' dir='ltr'><strong>voce</strong></span> <span class='ocrx_word' id='word_1_39' title='bbox 771 1260 937 1331; x_wconf 80' lang='lat' dir='ltr'><strong>cubantem,</strong></span> 
     </span>
     <span class='ocr_line' id='line_1_8' title="bbox 220 1352 868 1432; baseline -0.002 -21"><span class='ocrx_word' id='word_1_40' title='bbox 220 1352 286 1411; x_wconf 81' lang='lat' dir='ltr'><strong>Vix</strong></span> <span class='ocrx_word' id='word_1_41' title='bbox 305 1361 389 1412; x_wconf 73' lang='lat' dir='ltr'><strong>motu</strong></span> <span class='ocrx_word' id='word_1_42' title='bbox 409 1355 550 1412; x_wconf 88' lang='lat' dir='ltr'><strong>audemus</strong></span> <span class='ocrx_word' id='word_1_43' title='bbox 571 1355 727 1413; x_wconf 72' lang='lat' dir='ltr'><strong>sollicitare</strong></span> <span class='ocrx_word' id='word_1_44' title='bbox 747 1356 868 1432; x_wconf 88' lang='lat' dir='ltr'><strong>pedum:</strong></span> 
     </span>
    </p>

    <p class='ocr_par' dir='ltr' id='par_1_6' title="bbox 180 1449 1006 1627">
     <span class='ocr_line' id='line_1_9' title="bbox 180 1449 1006 1531; baseline 0.004 -24"><span class='ocrx_word' id='word_1_45' title='bbox 180 1449 332 1528; x_wconf 79' lang='lat' dir='ltr'><strong>Tanquam</strong></span> <span class='ocrx_word' id='word_1_46' title='bbox 352 1473 420 1530; x_wconf 85' lang='lat' dir='ltr'><strong>pars</strong></span> <span class='ocrx_word' id='word_1_47' title='bbox 439 1455 544 1511; x_wconf 87' lang='lat' dir='ltr'><strong>animae</strong></span> <span class='ocrx_word' id='word_1_48' title='bbox 565 1461 672 1512; x_wconf 75' lang='lat' dir='ltr'><strong>nostrae</strong></span> <span class='ocrx_word' id='word_1_49' title='bbox 693 1454 763 1512; x_wconf 72' lang='lat' dir='ltr'><strong>daca</strong></span> <span class='ocrx_word' id='word_1_50' title='bbox 783 1461 888 1512; x_wconf 71' lang='lat' dir='ltr'><strong>mutua</strong></span> <span class='ocrx_word' id='word_1_51' title='bbox 908 1459 1006 1531; x_wconf 75' lang='lat' dir='ltr'><strong>posset</strong></span> 
     </span>
     <span class='ocr_line' id='line_1_10' title="bbox 222 1549 759 1627; baseline 0.009 -22"><span class='ocrx_word' id='word_1_52' title='bbox 222 1549 352 1627; x_wconf 85' lang='lat' dir='ltr'><strong>Exiguas</strong></span> <span class='ocrx_word' id='word_1_53' title='bbox 371 1552 441 1609; x_wconf 80' lang='lat' dir='ltr'><strong>vitae</strong></span> <span class='ocrx_word' id='word_1_54' title='bbox 462 1553 635 1610; x_wconf 75' lang='lat' dir='ltr'><strong>continuare</strong></span> <span class='ocrx_word' id='word_1_55' title='bbox 655 1571 759 1610; x_wconf 79' lang='lat' dir='ltr'><strong>moras,</strong></span> 
     </span>
    </p>
   </div>
   <div class='ocr_carea' id='block_1_5' title="bbox 180 1693 984 2067">
    <p class='ocr_par' dir='ltr' id='par_1_7' title="bbox 180 1693 984 1872">
     <span class='ocr_line' id='line_1_11' title="bbox 180 1693 984 1771; baseline 0.004 -19"><span class='ocrx_word' id='word_1_56' title='bbox 180 1693 253 1771; x_wconf 82' lang='lat' dir='ltr'><strong>Spes</strong></span> <span class='ocrx_word' id='word_1_57' title='bbox 273 1696 361 1754; x_wconf 89' lang='lat' dir='ltr'><strong>modo</strong></span> <span class='ocrx_word' id='word_1_58' title='bbox 381 1698 522 1757; x_wconf 80' lang='lat' dir='ltr'><strong>deludam</strong></span> <span class='ocrx_word' id='word_1_59' title='bbox 541 1699 629 1757; x_wconf 84' lang='lat' dir='ltr'><strong>falsos</strong></span> <span class='ocrx_word' id='word_1_60' title='bbox 650 1704 751 1756; x_wconf 77' lang='lat' dir='ltr'><strong>monet</strong></span> <span class='ocrx_word' id='word_1_61' title='bbox 772 1718 833 1756; x_wconf 85' lang='lat' dir='ltr'><strong>esse</strong></span> <span class='ocrx_word' id='word_1_62' title='bbox 853 1699 984 1766; x_wconf 70' lang='lat' dir='ltr'><strong>timores</strong></span> 
     </span>
     <span class='ocr_line' id='line_1_12' title="bbox 220 1791 893 1872; baseline 0.001 -22"><span class='ocrx_word' id='word_1_63' title='bbox 220 1791 351 1851; x_wconf 86' lang='lat' dir='ltr'><strong>Fallaces</strong></span> <span class='ocrx_word' id='word_1_64' title='bbox 371 1794 480 1852; x_wconf 77' lang='lat' dir='ltr'><strong>iterum</strong></span> <span class='ocrx_word' id='word_1_65' title='bbox 500 1815 565 1872; x_wconf 86' lang='lat' dir='ltr'><strong>spes</strong></span> <span class='ocrx_word' id='word_1_66' title='bbox 585 1802 687 1853; x_wconf 73' lang='lat' dir='ltr'><strong>monet</strong></span> <span class='ocrx_word' id='word_1_67' title='bbox 708 1815 768 1853; x_wconf 89' lang='lat' dir='ltr'><strong>esse</strong></span> <span class='ocrx_word' id='word_1_68' title='bbox 789 1795 879 1852; x_wconf 77' lang='lat' dir='ltr'><strong>timor</strong></span> <span class='ocrx_word' id='word_1_69' title='bbox 884 1816 893 1868; x_wconf 75' lang='lat'>3</span> 
     </span>
    </p>

    <p class='ocr_par' dir='ltr' id='par_1_8' title="bbox 180 1889 963 2067">
     <span class='ocr_line' id='line_1_13' title="bbox 180 1889 963 1970; baseline 0.001 -23"><span class='ocrx_word' id='word_1_70' title='bbox 180 1889 312 1949; x_wconf 73' lang='lat' dir='ltr'><strong>Dormiii</strong></span> <span class='ocrx_word' id='word_1_71' title='bbox 331 1899 367 1950; x_wconf 76' lang='lat' dir='ltr'><strong>ut</strong></span> <span class='ocrx_word' id='word_1_72' title='bbox 386 1894 478 1970; x_wconf 86' lang='lat' dir='ltr'><strong>virgo,</strong></span> <span class='ocrx_word' id='word_1_73' title='bbox 499 1895 563 1952; x_wconf 85' lang='lat' dir='ltr'><strong>visa</strong></span> <span class='ocrx_word' id='word_1_74' title='bbox 583 1901 629 1952; x_wconf 72' lang='lat' dir='ltr'><strong>est</strong></span> <span class='ocrx_word' id='word_1_75' title='bbox 648 1900 721 1951; x_wconf 79' lang='lat' dir='ltr'><strong>tunc</strong></span> <span class='ocrx_word' id='word_1_76' title='bbox 742 1893 844 1951; x_wconf 86' lang='lat' dir='ltr'><strong>cedere</strong></span> <span class='ocrx_word' id='word_1_77' title='bbox 864 1892 963 1964; x_wconf 75' lang='lat' dir='ltr'><strong>morti,</strong></span> 
     </span>
     <span class='ocr_line' id='line_1_14' title="bbox 219 1988 883 2067; baseline 0.002 -22"><span class='ocrx_word' id='word_1_78' title='bbox 219 1988 349 2063; x_wconf 78' lang='lat' dir='ltr'><strong>Mortua,</strong></span> <span class='ocrx_word' id='word_1_79' title='bbox 370 1996 443 2049; x_wconf 84' lang='lat' dir='ltr'><strong>tunc</strong></span> <span class='ocrx_word' id='word_1_80' title='bbox 463 1991 525 2050; x_wconf 88' lang='lat' dir='ltr'><strong>leni</strong></span> <span class='ocrx_word' id='word_1_81' title='bbox 545 1997 590 2050; x_wconf 75' lang='lat' dir='ltr'><strong>est</strong></span> <span class='ocrx_word' id='word_1_82' title='bbox 609 1992 673 2048; x_wconf 83' lang='lat' dir='ltr'><strong>&#39;visa</strong></span> <span class='ocrx_word' id='word_1_83' title='bbox 694 2010 796 2067; x_wconf 87' lang='lat' dir='ltr'><strong>sopore</strong></span> <span class='ocrx_word' id='word_1_84' title='bbox 815 1989 883 2047; x_wconf 75' lang='lat' dir='ltr'><strong>frui.</strong></span> 
     </span>
    </p>
   </div>
   <div class='ocr_carea' id='block_1_6' title="bbox 179 2137 1004 2588">
    <p class='ocr_par' dir='ltr' id='par_1_9' title="bbox 179 2137 1004 2588">
     <span class='ocr_line' id='line_1_15' title="bbox 179 2137 935 2214; baseline -0.001 -19"><span class='ocrx_word' id='word_1_85' title='bbox 179 2137 259 2196; x_wconf 88' lang='lat' dir='ltr'><strong>Nam</strong></span> <span class='ocrx_word' id='word_1_86' title='bbox 279 2139 368 2197; x_wconf 89' lang='lat' dir='ltr'><strong>simul</strong></span> <span class='ocrx_word' id='word_1_87' title='bbox 388 2159 423 2197; x_wconf 89' lang='lat' dir='ltr'><strong>ac</strong></span> <span class='ocrx_word' id='word_1_88' title='bbox 443 2139 524 2197; x_wconf 74' lang='lat' dir='ltr'><strong>tristi</strong></span> <span class='ocrx_word' id='word_1_89' title='bbox 543 2140 634 2196; x_wconf 74' lang='lat' dir='ltr'><strong>rediit</strong></span> <span class='ocrx_word' id='word_1_90' title='bbox 653 2138 697 2196; x_wconf 89' lang='lat' dir='ltr'><strong>sol</strong></span> <span class='ocrx_word' id='word_1_91' title='bbox 717 2138 843 2214; x_wconf 86' lang='lat' dir='ltr'><strong>frigidus</strong></span> <span class='ocrx_word' id='word_1_92' title='bbox 863 2138 935 2211; x_wconf 85' lang='lat' dir='ltr'><strong>orbi,</strong></span> 
     </span>
     <span class='ocr_line' id='line_1_16' title="bbox 219 2227 796 2315; baseline 0 -23"><span class='ocrx_word' id='word_1_93' title='bbox 219 2227 260 2292; x_wconf 81' lang='lat' dir='ltr'><strong>Et</strong></span> <span class='ocrx_word' id='word_1_94' title='bbox 280 2237 428 2294; x_wconf 72' lang='lat' dir='ltr'><strong>matutino</strong></span> <span class='ocrx_word' id='word_1_95' title='bbox 448 2237 556 2315; x_wconf 72' lang='lat' dir='ltr'><strong>palluit</strong></span> <span class='ocrx_word' id='word_1_96' title='bbox 577 2237 672 2294; x_wconf 85' lang='lat' dir='ltr'><strong>imbre</strong></span> <span class='ocrx_word' id='word_1_97' title='bbox 691 2237 776 2312; x_wconf 86' lang='lat' dir='ltr'><strong>polus</strong></span> <span class='ocrx_word' id='word_1_98' title='bbox 786 2255 796 2308; x_wconf 86' lang='lat'>;</span> 
     </span>
     <span class='ocr_line' id='line_1_17' title="bbox 180 2332 912 2413; baseline -0.003 -21"><span class='ocrx_word' id='word_1_99' title='bbox 180 2333 353 2413; x_wconf 74' lang='lat' dir='ltr'><strong>Composuit</strong></span> <span class='ocrx_word' id='word_1_100' title='bbox 372 2336 535 2413; x_wconf 79' lang='lat' dir='ltr'><strong>tranquilla</strong></span> <span class='ocrx_word' id='word_1_101' title='bbox 555 2333 845 2393; x_wconf 79' lang='lat' dir='ltr'><strong>oculos-affulserat</strong></span> <span class='ocrx_word' id='word_1_102' title='bbox 865 2332 912 2391; x_wconf 82' lang='lat' dir='ltr'><strong>issi</strong></span> 
     </span>
     <span class='ocr_line' id='line_1_18' title="bbox 219 2430 819 2508; baseline -0.002 -18"><span class='ocrx_word' id='word_1_103' title='bbox 219 2430 332 2504; x_wconf 79' lang='lat' dir='ltr'><strong>Olarior</strong></span> <span class='ocrx_word' id='word_1_104' title='bbox 351 2431 385 2489; x_wconf 90' lang='lat' dir='ltr'><strong>in</strong></span> <span class='ocrx_word' id='word_1_105' title='bbox 405 2432 475 2490; x_wconf 86' lang='lat' dir='ltr'><strong>caelc</strong></span> <span class='ocrx_word' id='word_1_106' title='bbox 496 2431 572 2504; x_wconf 81' lang='lat' dir='ltr'><strong>Lux,</strong></span> <span class='ocrx_word' id='word_1_107' title='bbox 595 2432 729 2508; x_wconf 87' lang='lat' dir='ltr'><strong>aliusque</strong></span> <span class='ocrx_word' id='word_1_108' title='bbox 749 2431 819 2489; x_wconf 84' lang='lat' dir='ltr'><strong>dies</strong></span> 
     </span>
     <span class='ocr_line' id='line_1_19' title="bbox 887 2544 1004 2588; baseline 0.034 -4"><span class='ocrx_word' id='word_1_109' title='bbox 887 2544 917 2584; x_wconf 84' lang='lat' dir='ltr'><strong>H.</strong></span> <span class='ocrx_word' id='word_1_110' title='bbox 935 2544 953 2586; x_wconf 93' lang='lat'><strong>1.</strong></span> <span class='ocrx_word' id='word_1_111' title='bbox 970 2544 1004 2588; x_wconf 78' lang='grc' dir='ltr'><strong>Η.</strong></span> 
     </span>
    </p>
   </div>
   <div class='ocr_carea' id='block_1_7' title="bbox 475 2665 723 2672">
    <p class='ocr_par' dir='ltr' id='par_1_10' title="bbox 475 2665 723 2672">
     <span class='ocr_line' id='line_1_20' title="bbox 475 2665 723 2672; baseline 0.004 -1"><span class='ocrx_word' id='word_1_112' title='bbox 475 2665 723 2672; x_wconf 73' lang='lat'><strong>—————</strong></span> 
     </span>
    </p>
   </div>
   <div class='ocr_carea' id='block_1_8' title="bbox 446 2803 834 2905">
    <p class='ocr_par' dir='ltr' id='par_1_11' title="bbox 446 2803 834 2905">
     <span class='ocr_line' id='line_1_21' title="bbox 446 2803 834 2905; baseline 0.005 -17"><span class='ocrx_word' id='word_1_113' title='bbox 446 2825 603 2905; x_wconf 66' lang='lat' dir='ltr'><strong>,splenem</strong></span> <span class='ocrx_word' id='word_1_114' title='bbox 622 2826 770 2898; x_wconf 57' lang='lat' dir='ltr'><strong>waccar.</strong></span> <span class='ocrx_word' id='word_1_115' title='bbox 829 2803 834 2815; x_wconf 51' lang='grc'><em>’</em></span> 
     </span>
    </p>
   </div>
   <div class='ocr_carea' id='block_1_9' title="bbox 174 2978 1012 3631">
    <p class='ocr_par' dir='ltr' id='par_1_12' title="bbox 174 2978 1012 3631">
     <span class='ocr_line' id='line_1_22' title="bbox 176 2978 984 3056; baseline 0 -18"><span class='ocrx_word' id='word_1_116' title='bbox 176 2981 308 3052; x_wconf 78' lang='lat' dir='ltr'><strong>anmA,</strong></span> <span class='ocrx_word' id='word_1_117' title='bbox 330 2999 395 3056; x_wconf 87' lang='lat' dir='ltr'><strong>quae</strong></span> <span class='ocrx_word' id='word_1_118' title='bbox 415 2978 520 3036; x_wconf 81' lang='lat' dir='ltr'><strong>molles</strong></span> <span class='ocrx_word' id='word_1_119' title='bbox 540 2978 565 3036; x_wconf 88' lang='lat' dir='ltr'><strong>si</strong></span> <span class='ocrx_word' id='word_1_120' title='bbox 585 2979 703 3055; x_wconf 85' lang='lat' dir='ltr'><strong>quando</strong></span> <span class='ocrx_word' id='word_1_121' title='bbox 724 2981 870 3055; x_wconf 82' lang='lat' dir='ltr'><strong>carpimus</strong></span> <span class='ocrx_word' id='word_1_122' title='bbox 889 2979 984 3055; x_wconf 82' lang='lat' dir='ltr'><strong>horas,</strong></span> 
     </span>
     <span class='ocr_line' id='line_1_23' title="bbox 217 3075 854 3150; baseline 0.002 -16"><span class='ocrx_word' id='word_1_123' title='bbox 217 3077 324 3134; x_wconf 77' lang='lat' dir='ltr'><strong>Tristis</strong></span> <span class='ocrx_word' id='word_1_124' title='bbox 345 3096 384 3148; x_wconf 91' lang='lat' dir='ltr'><strong>es,</strong></span> <span class='ocrx_word' id='word_1_125' title='bbox 407 3081 438 3134; x_wconf 78' lang='lat' dir='ltr'><strong>et</strong></span> <span class='ocrx_word' id='word_1_126' title='bbox 458 3075 550 3133; x_wconf 86' lang='lat' dir='ltr'><strong>dubia</strong></span> <span class='ocrx_word' id='word_1_127' title='bbox 569 3075 755 3133; x_wconf 88' lang='lat' dir='ltr'><strong>concilianda</strong></span> <span class='ocrx_word' id='word_1_128' title='bbox 774 3077 840 3135; x_wconf 88' lang='lat' dir='ltr'><strong>vice</strong></span> <span class='ocrx_word' id='word_1_129' title='bbox 845 3097 854 3150; x_wconf 80' lang='lat'>3</span> 
     </span>
     <span class='ocr_line' id='line_1_24' title="bbox 177 3174 1012 3251; baseline 0.002 -19"><span class='ocrx_word' id='word_1_130' title='bbox 177 3177 250 3246; x_wconf 79' lang='lat' dir='ltr'><strong>Quae</strong></span> <span class='ocrx_word' id='word_1_131' title='bbox 269 3174 364 3233; x_wconf 84' lang='lat' dir='ltr'><strong>levior</strong></span> <span class='ocrx_word' id='word_1_132' title='bbox 383 3175 518 3251; x_wconf 80' lang='lat' dir='ltr'><strong>zephym,</strong></span> <span class='ocrx_word' id='word_1_133' title='bbox 539 3174 725 3251; x_wconf 74' lang='lat' dir='ltr'><strong>tremulaque</strong></span> <span class='ocrx_word' id='word_1_134' title='bbox 744 3175 886 3234; x_wconf 75' lang='lat' dir='ltr'><strong>incertior</strong></span> <span class='ocrx_word' id='word_1_135' title='bbox 906 3177 1012 3234; x_wconf 89' lang='lat' dir='ltr'><strong>umbra</strong></span> 
     </span>
     <span class='ocr_line' id='line_1_25' title="bbox 216 3272 919 3349; baseline 0.004 -18"><span class='ocrx_word' id='word_1_136' title='bbox 216 3272 315 3343; x_wconf 82' lang='lat' dir='ltr'><strong>Quam</strong></span> <span class='ocrx_word' id='word_1_137' title='bbox 334 3273 406 3331; x_wconf 75' lang='lat' dir='ltr'><strong>facit</strong></span> <span class='ocrx_word' id='word_1_138' title='bbox 426 3273 548 3331; x_wconf 71' lang='lat' dir='ltr'><strong>alternis</strong></span> <span class='ocrx_word' id='word_1_139' title='bbox 568 3273 696 3349; x_wconf 89' lang='lat' dir='ltr'><strong>populus</strong></span> <span class='ocrx_word' id='word_1_140' title='bbox 717 3274 785 3331; x_wconf 87' lang='lat' dir='ltr'><strong>alba</strong></span> <span class='ocrx_word' id='word_1_141' title='bbox 806 3274 919 3334; x_wconf 87' lang='lat' dir='ltr'><strong>comis:</strong></span> 
     </span>
     <span class='ocr_line' id='line_1_26' title="bbox 174 3371 990 3450; baseline 0.002 -20"><span class='ocrx_word' id='word_1_142' title='bbox 174 3372 229 3444; x_wconf 79' lang='lat' dir='ltr'><strong>Tu,</strong></span> <span class='ocrx_word' id='word_1_143' title='bbox 251 3371 367 3448; x_wconf 75' lang='lat' dir='ltr'><strong>quotics</strong></span> <span class='ocrx_word' id='word_1_144' title='bbox 386 3372 458 3448; x_wconf 85' lang='lat' dir='ltr'><strong>aegri</strong></span> <span class='ocrx_word' id='word_1_145' title='bbox 477 3371 606 3429; x_wconf 74' lang='lat' dir='ltr'><strong>flentem</strong></span> <span class='ocrx_word' id='word_1_146' title='bbox 626 3371 710 3428; x_wconf 87' lang='lat' dir='ltr'><strong>dolor</strong></span> <span class='ocrx_word' id='word_1_147' title='bbox 729 3372 879 3448; x_wconf 89' lang='lat' dir='ltr'><strong>improbus</strong></span> <span class='ocrx_word' id='word_1_148' title='bbox 899 3373 990 3450; x_wconf 75' lang='lat' dir='ltr'><strong>angit,</strong></span> 
     </span>
     <span class='ocr_line' id='line_1_27' title="bbox 215 3469 785 3548; baseline -0.002 -19"><span class='ocrx_word' id='word_1_149' title='bbox 215 3469 360 3548; x_wconf 85' lang='lat' dir='ltr'><strong>Fungeris</strong></span> <span class='ocrx_word' id='word_1_150' title='bbox 380 3470 512 3548; x_wconf 86' lang='lat' dir='ltr'><strong>angelico</strong></span> <span class='ocrx_word' id='word_1_151' title='bbox 532 3469 593 3528; x_wconf 85' lang='lat' dir='ltr'><strong>sola</strong></span> <span class='ocrx_word' id='word_1_152' title='bbox 613 3470 785 3528; x_wconf 77' lang='lat' dir='ltr'><strong>ministeria</strong></span> 
     </span>
     <span class='ocr_line' id='line_1_28' title="bbox 844 3588 1003 3631; baseline -0.006 0"><span class='ocrx_word' id='word_1_153' title='bbox 844 3588 1003 3631; x_wconf 70' lang='lat' dir='ltr'><strong>maun</strong></span> 
     </span>
    </p>
   </div>
   <div class='ocr_carea' id='block_1_10' title="bbox 0 0 1262 4096">
    <p class='ocr_par' dir='ltr' id='par_1_13' title="bbox 0 0 1262 4096">
     <span class='ocr_line' id='line_1_29' title="bbox 0 0 1262 4096; baseline 0 1"><span class='ocrx_word' id='word_1_154' title='bbox 0 0 1262 4096; x_wconf 95' lang='lat' dir='ltr'><strong> </strong></span> 
     </span>
    </p>
   </div>
  </div>
 </body>
</html>
