2514 4096
411 351 670 416 ARUNDINES
693 352 805 416 OAMJ.
1044 359 1081 420 19

246 687 326 754 (erre
347 685 442 751 mccc
463 687 526 767 §eru
544 685 613 751 citu
631 686 705 751 fulta
725 688 840 755 scilice
858 691 968 766 throco.

175 883 281 957 Mmru,
303 890 407 958 meter,
430 883 528 943 excite
547 903 603 959 me,
624 903 711 943 mene
731 906 821 964 quem
840 890 1025 968 maturrime,

176 981 248 1040 Orus
267 983 347 1040 enim
366 983 493 1041 recentis
512 982 585 1040 anni
603 982 659 1040 lux
679 983 736 1041 eric
755 984 906 1045 loeiissime
915 1007 925 1062 ;

175 1080 248 1139 Ores
267 1081 394 1139 recentis
412 1080 466 1138 ille
485 1080 562 1139 veris
581 1079 692 1154 hilaris,
715 1082 821 1157 audax,
842 1083 991 1162 improbe:

175 1179 247 1257 Ipse
266 1177 396 1238 Domine
415 1179 564 1249 feriarum,
584 1179 671 1256 pubis
692 1184 723 1238 et
742 1178 884 1259 Princeps
905 1203 965 1242 ero.

176 1610 254 1671 Suni
272 1611 373 1689 nigris,
395 1613 488 1686 aiunt,
511 1612 610 1671 ocellis
616 1632 626 1686 3
647 1612 699 1671 sed
719 1611 778 1671 mei
797 1610 952 1688 nigerrimi
957 1631 967 1686 ;

175 1709 252 1768 Sunt
272 1709 371 1768 Maria
391 1715 422 1768 ec
442 1709 614 1787 Margarita,
637 1730 763 1788 cumque
784 1709 914 1769 (luthere
934 1708 1059 1782 Oarth

177 1806 319 1865 Omnium
334 1806 385 1866 sed
400 1826 523 1884 parvam
536 1806 648 1864 Elisem
661 1805 823 1882 predicent
835 1804 1080 1880 pulcherrimam:

174 1903 303 1963 Domine
322 1924 414 1982 quere
433 1905 579 1978 feriarum,
601 1909 707 1978 meter,
728 1907 759 1961 et
778 1900 920 1979 Princeps
940 1919 998 1960 erc.
1121 1932 1125 1939 ,

174 2336 281 2416 Atqui,
298 2342 335 2396 ut
354 2342 524 2414 experrecta
543 2336 659 2410 fuerim,
676 2341 794 2409 noctem
813 2335 886 2394 adeo
905 2335 1078 2412 perdormio,

173 2437 256 2496 Voce
275 2436 322 2494 fac
342 2436 420 2495 clare
439 2455 523 2494 voces
543 2455 600 2505 me,
620 2437 707 2494 medo
727 2436 790 2494 dies
809 2435 964 2506 illuxerit3

174 2535 314 2614 Namque
333 2534 475 2612 primulae
494 2534 659 2612 legendum,
682 2535 879 2612 colligendum
898 2534 1032 2605 nodulos,

174 2632 305 2692 Domine
325 2632 464 2711 quoniam
483 2633 632 2707 feriarum,
654 2634 740 2711 pubis
760 2639 791 2691 et
810 2630 952 2709 Princeps
973 2651 1032 2691 ero.

175 3056 238 3117 En!
255 3058 329 3136 jugo
348 3057 447 3118 subire
466 3058 571 3118 adorsa
590 3059 714 3138 repperi,
735 3079 893 3138 quemnam
912 3062 1015 3138 putaui

173 3156 271 3215 Ponte
291 3146 402 3215 Moerin
422 3157 599 3217 insidentem
618 3159 742 3235 repperi,
765 3159 896 3236 corylum
915 3179 1019 3237 prope:

174 3252 232 3312 Ille
253 3274 342 3332 quam
361 3260 481 3314 torvum
500 3262 601 3314 tuerer
620 3257 698 3329 herc,
719 3276 794 3330 reor,
816 3258 1012 3316 consciverat:

173 3350 222 3410 Ac
241 3371 294 3431 ego
314 3351 445 3412 Domine
464 3353 612 3428 feriarum,
634 3360 736 3428 meter,
758 3361 789 3413 et
809 3353 950 3432 Princeps
970 3375 1027 3414 ero.
