2514 4096
413 360 672 422 ARUNDINES
697 360 812 422 CAMI.
1035 361 1089 422 171

175 707 305 768 Testaris
325 707 452 787 Superos
462 728 471 782 3
493 708 571 787 fugis
581 729 590 783 3
610 709 784 787 ancillaeque
805 707 950 783 minaris3

215 823 274 882 llla
293 825 375 882 canit
385 844 395 899 3
416 824 536 902 gravior
555 823 590 882 fit
611 843 729 902 quoque
749 837 840 901 gyrus
862 843 954 901 aquae.

175 934 295 1016 Ingruit
315 938 429 997 interea
448 958 517 996 oum
538 938 636 997 multo
656 939 780 1016 pulvere
800 938 929 1014 nimbus,

214 1051 255 1110 Et
275 1057 375 1110 movet
395 1052 527 1111 alternas
548 1071 644 1110 saevus
665 1059 792 1128 uterque
812 1051 900 1111 vices.

176 1153 304 1224 Densior
323 1171 355 1224 at
375 1166 446 1225 caelo
466 1186 535 1226 cum
555 1167 680 1225 tandem
700 1166 812 1226 decidit
831 1167 935 1240 imber,

216 1280 370 1358 Guttaque
385 1281 449 1358 jam
469 1288 591 1360 guttam
610 1282 786 1342 continuata
806 1283 926 1360 premit,

176 1401 301 1460 Femina
319 1421 373 1479 per
392 1402 526 1460 madidos
546 1402 670 1461 festinat
687 1403 819 1481 plurima
837 1403 918 1463 vicos
927 1421 939 1478 3

212 1515 368 1574 Admissus
388 1517 460 1575 alias
480 1523 618 1595 prompta
637 1519 764 1576 taberna
784 1518 874 1595 capit.

175 1631 324 1702 Quaelibet
343 1632 492 1708 expositas
512 1632 642 1701 miratur
662 1630 752 1704 Delia
772 1648 906 1705 merces3

215 1744 266 1818 Et,
286 1744 364 1803 nihil
384 1752 537 1822 empturas,
560 1750 668 1803 cuncta
687 1745 819 1803 licentur
839 1765 923 1804 enus.

176 1859 322 1939 Oomptus
340 1859 523 1918 inurbanum
543 1861 671 1918 metitur
691 1860 789 1922 Pollio
810 1860 924 1934 caelum,

193 1975 263 2033 -De
284 1973 480 2033 conducendis
500 1993 555 2032 ceu
576 1974 730 2033 dubitaret
751 1974 854 2052 equis:

173 2089 248 2148 Non
267 2089 358 2150 lentis
377 2088 502 2166 pedibus
523 2088 629 2146 Phiale
649 2089 801 2147 succincta
820 2077 937 2147 laborat
946 2081 967 2160 3'

216 2213 256 2271 In
275 2212 354 2272 latus
374 2212 512 2271 umbellae
532 2212 658 2271 flumina
677 2213 760 2272 mille
780 2213 896 2273 furunt
966 2275 968 2278 ,

177 2327 239 2386 Hic
258 2323 341 2386 varie
362 2325 474 2399 ductos,
497 2325 589 2384 variis
608 2325 662 2403 qui
681 2327 817 2403 partibus
837 2326 969 2400 adstant,

218 2441 350 2521 Hospita
370 2441 515 2518 colloquio
536 2445 696 2519 congregat
715 2439 822 2500 umbra
841 2442 923 2520 pari3

180 2558 407 2636 Quiquebabet
426 2557 588 2634 imperium
607 2556 700 2634 regni,
725 2556 835 2635 quique
856 2557 941 2615 ardet
960 2555 1069 2614 habere
1075 2576 1085 2631 3

221 2675 394 2752 Regnorum
414 2671 609 2746 immemores,
631 2672 703 2730 dum
722 2671 786 2730 loca
806 2671 883 2730 sicea
902 2676 1019 2750 petunt.

181 2797 271 2857 Parte
290 2795 350 2854 alia
365 2793 494 2871 juvenis,
515 2793 620 2853 lectica
639 2799 743 2854 vectus
764 2799 875 2870 operta,

221 2912 270 2972 Ut
290 2911 380 2984 sedet,
401 2909 508 2968 effusas
527 2909 561 2966 in
581 2913 671 2985 caput
690 2880 791 2966 horret
810 2927 921 2986 aquas:

184 3027 248 3086 En!
269 3026 383 3086 corium
403 3024 509 3084 stridet
528 3023 645 3103 pluvias
665 3024 745 3101 quod
766 3024 890 3101 desuper
909 3030 990 3084 arcet
996 3044 1006 3098 3

222 3141 400 3201 Horrendus
420 3160 507 3199 sonor
526 3143 572 3204 est
581 3159 591 3214 3
609 3139 693 3197 intus
713 3145 744 3198 et
763 3138 815 3197 ille
835 3139 946 3199 tremit.

185 3257 329 3319 Omnibus
348 3241 464 3315 interea
483 3254 517 3314 in
536 3255 643 3332 plateis
662 3259 799 3314 tumuere
819 3255 944 3327 canales,

221 3373 354 3452 Fertque
373 3371 462 3431 simul
481 3371 613 3450 praedam
633 3390 758 3449 quaeque
777 3372 876 3431 cloaca
895 3391 979 3430 suam
988 3391 999 3445 3
