2514 4096
472 372 731 434 ARUNDINES
757 375 873 438 OAMI.
1109 379 1147 438 83

581 713 623 780 liu
642 714 768 779 zenam.
823 773 825 775 ,

236 875 324 942 Zcun
344 873 421 934 solet
439 872 579 952 gracilem
600 893 660 951 que
681 874 799 952 cingere
824 873 932 934 Lesbia
952 876 1086 950 formem,

278 973 375 1044 Quam
394 973 470 1032 bene
490 971 672 1049 temporibus
692 972 728 1030 fit
749 972 884 1031 diadema
905 973 987 1034 mein

236 1071 400 1149 Mygdonia
420 1070 513 1131 vellet
534 1069 652 1128 Oroesus
674 1069 785 1126 ditione
806 1069 922 1146 pacisci,

277 1168 360 1227 Huic
382 1167 462 1245 quod
484 1151 556 1240 eret,
581 1165 680 1226 Oroesc
698 1186 807 1226 munus
827 1172 862 1226 ut
883 1175 959 1228 esset
978 1169 1066 1229 idem.

236 1264 311 1324 Haec
330 1264 406 1323 mihi
426 1264 583 1322 formosam
604 1264 703 1340 saepsit
724 1264 858 1323 custodia
880 1285 1005 1340 cervam,

277 1360 384 1440 Saepsit
400 1361 563 1421 inaccessus
583 1362 725 1440 quicquid
747 1362 892 1440 Olympus
911 1364 1011 1423 habet.

236 1457 310 1536 Spes
330 1458 384 1516 ubi
403 1459 492 1536 plena
512 1463 617 1532 metue,
639 1459 692 1517 ubi
712 1466 880 1518 verearetm
900 1462 1020 1519 amandi

278 1555 384 1615 Dulcis
402 1556 558 1630 ammities,
583 1562 630 1615 sat
651 1556 741 1615 dubet
762 1577 823 1615 une
844 1557 909 1618 loci

236 1652 360 1712 Arctior
380 1653 433 1713 ille
451 1654 593 1732 quidem3
618 1655 669 1712 sed
692 1674 757 1732 quae
778 1654 932 1731 complexa
951 1661 1067 1716 teneret

276 1751 309 1811 si
329 1772 389 1830 qua
407 1753 505 1830 placet
523 1753 626 1830 pictae,
648 1753 674 1811 si
692 1772 753 1831 qua
772 1759 900 1812 venuste
918 1755 1044 1831 placent.

235 1851 318 1909 Zone
338 1852 418 1929 quod
439 1851 503 1910 heec
526 1851 626 1911 vinxit
650 1853 770 1929 proprio
792 1852 917 1911 concede
938 1851 1092 1912 fruemur:

277 1948 326 2008 Sic
346 1948 405 2007 tibi
426 1949 507 2026 quod
529 1949 641 2027 passim
662 1948 793 2008 Phoebus
816 1949 934 2007 oberrat
955 1948 1038 2007 habe.

957 2065 988 2107 u.
1001 2064 1025 2106 c.
1042 2065 1065 2107 J.

545 2251 795 2261 ——---——

327 2489 499 2570 zpcttctcm
519 2489 638 2559 uenisti
658 2491 749 2559 ecum
768 2494 896 2566 cncede,
916 2494 1017 2560 culti?

317 2644 441 2733 Iuncus,
463 2645 655 2724 quediivium
676 2648 714 2708 ed
736 2648 986 2711 Banburicmium

320 2742 434 2802 Manno
455 2749 487 2802 te
509 2745 633 2804 celerem
654 2747 767 2825 corripe
788 2748 907 2825 ligneo:

317 2841 387 2902 Illic
407 2844 627 2923 quadrupedem
648 2846 765 2905 flectere
787 2846 946 2907 candidum

358 2941 471 3027 Mirum
492 2944 652 3022 conspicies
673 2944 787 3005 Anum.

318 3069 374 3144 En,
398 3072 531 3150 quinque
549 3072 582 3131 in
603 3071 705 3150 digitis
726 3094 779 3133 sex
800 3074 891 3135 hebet
911 3077 1045 3152 annulos,

318 3168 534 3230 Tintinnebule
555 3191 608 3230 eex
630 3172 664 3229 in
686 3172 787 3250 digitis
810 3173 938 3250 pedum!

319 3265 415 3342 Felix,
439 3268 526 3328 dulce
546 3268 646 3342 melos,
668 3268 748 3347 quod
770 3269 829 3330 ciet
852 3262 992 3349 undique,

359 3364 485 3445 Quoquo
508 3368 645 3442 vertitur,
669 3367 789 3428 audiet!

1038 3488 1063 3529 n

1019 3777 1098 3838 6-2
