2514 4096
395 364 653 427 ARUNDINES
679 363 791 425 OAMJ.
1011 363 1070 423 259

161 700 253 778 ‘Ergo
273 699 345 773 abit,
366 703 397 758 et
416 697 550 758 volueres
569 702 600 756 et
620 717 752 775 gemmea
771 702 858 774 plata
877 696 1022 775 reliquitt

199 798 272 856 Vox
291 816 357 855 mea
376 797 584 873 nequidquam,
606 795 697 854 frater
716 801 821 867 amate,
842 798 951 855 eonati

159 896 321 954 Immemor
340 901 371 954 et
390 894 494 967 nostri,
516 914 570 971 per
588 893 676 951 taedia
696 893 784 970 longa
804 893 930 966 dierum,

199 979 375 1054 Per'totam
395 998 528 1052 aestatem
548 1012 609 1051 non
628 992 779 1050 rediturus
799 991 881 1049 eniti

160 1153 270 1212 Nonne
288 1154 370 1212 inter
388 1152 498 1211 virides
518 1152 639 1231 posthac
660 1151 823 1210 errabimus
842 1152 964 1210 umbras
979 1153 990 1210 i

199 1253 253 1311 Ad
272 1271 383 1327 nemus,
405 1252 444 1310 ad
463 1253 567 1326 fontes,
589 1252 781 1310 incomitatus
801 1251 890 1308 eami

162 1350 246 1409 Dure
264 1371 346 1427 puer,
367 1351 420 1427 qui
439 1354 487 1408 tot
506 1349 606 1408 dulces
625 1349 789 1426 neglexeris
809 1348 905 1418 horas,

202 1447 267 1506 Nee
287 1447 402 1506 dederis
422 1447 509 1506 fiatri
528 1446 610 1505 basia
629 1447 716 1523 plura
735 1451 790 1504 tuo
801 1433 831 1504 i'¹

911 1565 943 1606 Η.
959 1565 988 1606 n.

471 1746 719 1757 ——ae

495 2001 560 2062 {tux
580 1999 698 2067 multia.

203 2158 272 2218 Lux
291 2159 393 2232 dulcis,
415 2159 464 2218 eui
483 2164 568 2217 tanta
588 2159 671 2236 quies
692 2163 723 2217 et
742 2157 835 2236 frigus
855 2162 886 2216 et
906 2156 1000 2228 ardor,

323 2257 419 2315 Terrae
438 2257 556 2334 polique
576 2257 698 2334 nuptiae,

203 2356 249 2415 At
268 2342 352 2415 flebit
371 2361 425 2414 tua
444 2356 506 2412 fata
525 2361 627 2413 tamen
647 2355 701 2412 sub
722 2355 849 2432 vesperis
868 2355 972 2412 horam

323 2451 525 2531 Ros‚'quippe
545 2454 605 2511 leto
626 2453 739 2512 debitae.

202 2609 416 2688 Tuque5=.eolor
436 2609 520 2685 cujus
541 2609 612 2666 forti
633 2609 794 2686 similisque
812 2603 951 2681 minanti,

323 2708 444 2766 Temere
465 2699 638 2765 intuentum
658 2708 772 2765 lumina

202 2809 397 2884 Praestringit,
420 2809 518 2865 radiae
538 2807 611 2864 lates
631 2813 718 2864 tenus
737 2826 831 2884 usque
852 2807 993 2883 sepulcro,

323 2906 448 2983 Tibique
467 2925 546 2963 mors
566 2905 665 2978 instat,
688 2905 774 2963 Rosa.

202 3062 313 3120 Dulees
334 3081 402 3138 ergo
423 3059 516 3118 animi
536 3060 655 3118 demum
676 3064 707 3118 et
727 3061 849 3119 virtutis
869 3066 1002 3119 amantes

322 3159 451 3228 Durant,
472 3165 508 3215 ut
527 3158 589 3216 ilex
608 3159 691 3216 arida
700 3177 710 3230 3

202 3258 242 3315 In
261 3257 378 3316 fumum
397 3276 431 3314 ae
452 3256 579 3314 cinerem
598 3261 733 3313 vertatur
752 3256 898 3331 mundua;
918 3261 950 3314 at
969 3256 1016 3313 illi

324 3355 408 3414 Tune
428 3354 593 3413 enitescent
612 3353 726 3412 clarina

885 3468 909 3510 0.
927 3469 949 3511 S·
964 3468 989 3512 (i.

917 3763 1024 3824 i‘t-a
