2514 4096
156 198 1025 271 ,ι-,ῄ--ῄ

325 340 583 409 ,ΑΒΗΝΜΝΕε
609 340 725 403 orus.
944 343 999 401 149

365 841 499 912 §amcos
518 812 684 922 agustau.

171 1040 225 1080 nec
244 1020 380 1079 lacrimas
399 1025 546 1093 moveant,
568 1041 664 1098 neque
685 1022 811 1099 pectoris
832 1041 943 1099 aegrum

156 1120 255 1194 gemitu
268 1119 435 1197 planctum:
456 1140 553 1197 neque
567 1126 655 1197 turpe
668 1126 722 1178 aut
736 1121 831 1179 debile
845 1122 1001 1198 quicquam
1025 1166 1028 1218 ξ

156 1219 283 1276 niserum
302 1219 389 1276 video
394 1238 404 1292 ;
425 1219 475 1276 sed
495 1218 603 1295 pulcrae
625 1218 718 1295 gloria
738 1220 850 1294 mortis,

156 1335 225 1387 acus,
248 1319 279 1372 ct
299 1315 395 1372 nostri
416 1320 556 1391 superant
577 1312 683 1372 solatia
702 1315 808 1373 luctus

156 1413 360 1490 agimussvos
380 1413 491 1470 foedum
511 1413 612 1471 hostili
633 1413 709 1470 oaede
730 1414 855 1472 cadaver

156 1517 190 1584 te,
212 1517 439 1586 concretumque
459 1511 559 1568 herbis
577 1511 718 1587 purisque
739 1531 872 1569 cruorem

156 1629 198 1666 ›us
219 1608 340 1666 abluite.
385 1609 507 1666 Interea
526 1609 601 1666 mihi
622 1629 693 1666 cura
712 1611 897 1687 propinquos·

156 1705 277 1764 >merare
297 1725 385 1778 meos,
408 1704 515 1785 (nequo
536 1707 616 1764 enim
633 1706 697 1782 jam
719 1706 797 1764 Gaza
817 1707 949 1766 volentes

157 1801 203 1882 ia)
225 1811 255 1862 et
274 1804 362 1881 pleno
383 1805 556 1862 comitantes
577 1804 694 1880 agmine
714 1805 845 1878 amicos3·

156 1902 245 1960 atrias
264 1901 359 1975 illum,
381 1901 548 1959 deflendum
568 1902 667 1977 funuS,¹
688 1902 727 1958 ad
747 1902 830 1960 aulas

156 1999 190 2056 ris
209 1999 338 2058 referant
358 2018 411 2076 per
427 1999 510 2075 justa
531 1999 649 2056 silentia
669 2018 790 2076 pompae.

156 2096 238 2154 etiam'
258 2096 342 2154 lauro
363 2096 480 2172 cingam
499 2101 693 2153 monumenta
712 2095 844 2171 perenni,

156 2198 278 2251 :xtructa
298 2212 397 2265 manu,
420 2193 583 2270 patulaque
604 2198 714 2269 tropaea
734 2193 788 2250 sub
809 2194 915 2251 umbra

156 2292 232 2349 bunt
252 2291 373 2368 platani,
396 2311 578 2369 quaecunque
599 2311 617 2348 a
637 2291 737 2349 Marte
757 2291 944 2367 triumphans

156 2389 208 2462 lit;
229 2389 444 2466 inscriptasque
464 2389 523 2446 viri
543 2389 631 2465 longo
652 2389 754 2446 ordine
775 2389 866 2462 dotes

156 2486 220 2544 uici
239 2486 315 2543 mira
335 2505 443 2562 ponam
465 2487 620 2544 dulcedine
641 2492 752 2545 cantus.

156 2583 298 2642 celebrent
318 2584 389 2641 olim
410 2584 495 2642 fortis
515 2591 708 2642 monumenta
725 2585 878 2661 juventus,

157 2683 287 2760 dentque
307 2682 428 2755 animos,
451 2687 486 2738 ut
505 2687 592 2739 tanta
613 2683 748 2759 exempla
767 2684 896 2741 colentes

156 2801 197 2840 rus
216 2781 361 2858 intrepidi
381 2786 490 2839 sanctae
510 2780 628 2858 fastigia
649 2781 734 2838 famae

156 2885 209 2938 ent
229 2880 343 2938 virtute
363 2898 440 2936 nova
446 2900 455 2952 ;
477 2879 618 2955 festisque
639 2878 744 2936 diebus

156 2977 320 3055 rvirgineae
340 2976 466 3034 fundent
486 2976 529 3034 ibi
549 2981 627 3034 serta
647 2981 782 3049 catervae,

156 3095 201 3153 [ue
221 3075 380 3152 plorabunt
400 3073 546 3151 hymenaei
566 3075 628 3132 fata
648 3079 767 3131 catenas

156 3193 193 3233 us
213 3173 369 3232 immisisse
389 3191 501 3250 graves,
525 3173 676 3250 oculisque
696 3173 840 3230 tenebras.

860 3288 884 3328 n
