2514 4096
340 352 602 413 ARUNDINES
625 352 738 415 OAMJ.
979 356 1015 414 39

523 773 648 846 ibimus,
668 772 781 847 araur,

304 881 458 961 {atcunque
476 885 616 961 praerato.

202 1119 205 1124 .
231 1068 348 1138 Quane
366 1087 421 1145 per
440 1086 526 1125 aurae
545 1066 653 1124 nuntia
672 1065 827 1125 funebrem
905 1097 908 1102 ·

231 1165 377 1224 Vinctum
396 1166 451 1223 sub
471 1165 518 1222 ala
538 1164 638 1222 vibrat
658 1163 813 1239 epistolam

273 1264 426 1333 Columba,
447 1268 478 1321 ei
497 1262 602 1320 audaci
621 1261 726 1319 volatu

312 1361 416 1418 Findit
435 1361 502 1429 iter,
522 1364 717 1437 properatque
737 1358 861 1430 luctum,

234 1539 283 1598 Sic
302 1539 372 1616 ipse,
392 1537 441 1595 vel
461 1556 527 1614 quae
547 1555 615 1613 pars
635 1535 739 1594 melior
752 1539 825 1612 mei,

235 1637 330 1715 Cogor
350 1635 463 1694 solutus
483 1635 611 1712 pondere
631 1635 734 1692 inutili

276 1735 407 1812 Migrare
426 1735 523 1802 velox,
544 1739 575 1792 ei
595 1734 682 1792 salire

317 1833 364 1892 De
384 1833 518 1916 scopulia,
540 1838 572 1890 et
592 1833 625 1889 in
645 1833 707 1890 alta
726 1832 797 1890 farri
806 1854 816 1906 ;

237 2018 279 2076 Ea
298 2024 345 2076 iot
364 2037 419 2094 per
438 2017 523 2075 orbes
543 2015 644 2073 oceani
664 2033 753 2071 vocor

238 2116 392 2193 Fulgentie
411 2119 499 2172 aucta
519 2112 589 2170 solis
608 2111 746 2187 imagine,

280 2213 322 2271 Et
341 2213 407 2270 vela
428 2231 458 2270 ee
478 2211 590 2269 tollunt
610 2210 647 2266 ab
667 2208 757 2266 undis

319 2311 402 2369 Ante
423 2309 530 2378 oculos,
550 2307 736 2384 lacrimaeque
756 2313 887 2376 manant,

240 2492 400 2568 Clamoque
419 2490 522 2566 longe:
544 2487 670 2547 ‘Siccine
689 2488 825 2564 redditur

240 2591 386 2648 Amicus?
406 2588 464 2645 huo
484 2606 550 2664 apes
570 2587 709 2644 cesserit?
730 2586 779 2644 hic
798 2586 912 2657 modus,

282 2687 345 2746 Hic
364 2687 433 2744 finis
452 2690 497 2743 est
517 2683 650 2742 rerumi'
671 2684 833 2760 brevesque

323 2785 450 2844 Moestus
469 2803 525 2861 ago
545 2803 599 2861 per
618 2783 706 2840 inane
726 2802 832 2860 gyros:

244 2965 310 3025 Neo
326 2965 390 3044 jam
409 2968 543 3023 moratus
563 2963 689 3041 corripio
709 2963 818 3041 fugam,

246 3063 357 3141 Illique
377 3081 507 3141 praesens
526 3061 654 3119 involiio
673 3061 752 3119 rati:

286 3161 460 3237 Horamque
480 3179 622 3236 cognosco
647 3166 798 3236 peractam

252 3321 254 3325 ,
329 3260 443 3337 Corpus
462 3259 516 3317 ubi
536 3259 574 3317 ad
594 3257 747 3336 proprium
766 3264 906 3318 revertor.

881 3375 916 3418 W.
931 3375 955 3417 J.
