2514 4096
371 341 628 435 serrorum
653 341 769 404 111111.
1008 347 1043 404 11

132 737 196 813 Est,
216 737 251 798 in
270 739 412 835 virgineis
432 741 544 804 haerere
563 745 702 804 ardenter
723 745 823 805 ocellis
831 767 843 822 3

174 871 300 931 Pectora
321 871 395 930 dum
416 873 542 945 cohibet,
563 894 617 934 ceu
637 876 780 953 peritura,
800 878 901 953 timor,

131 1002 182 1062 Ne
201 1023 262 1084 qua
280 1005 357 1064 forte
377 1024 488 1083 procax
506 1005 556 1064 vel
575 1006 614 1064 ab
634 1004 694 1065 imo
716 1008 804 1067 corde
825 1027 963 1068 susurrus

171 1132 334 1194 Auriculas
353 1135 491 1212 stringat,
512 1136 764 1213 commaculatque
784 1155 880 1214 genas

132 1457 195 1534 Est,
218 1478 270 1537 spe
289 1455 411 1519 dimissa
428 1479 489 1519 non
509 1460 671 1538 desperare,
693 1462 833 1522 resistant

171 1590 205 1677 Si
224 1591 304 1650 votis
323 1592 466 1665 homines,
489 1592 515 1651 si
535 1591 618 1651 Deus
638 1593 711 1671 ipse,
732 1595 812 1652 tuis:

130 1696 193 1782 Illa
209 1724 280 1786 licet
300 1725 452 1786 Venerem
472 1733 599 1805 superet,
622 1733 716 1805 tuque
736 1728 857 1787 infimus
877 1727 986 1805 AEgon‚

170 1854 215 1914 Ni
234 1861 266 1915 te
285 1874 351 1934 spes
371 1857 478 1932 foveat,
499 1877 561 1917 non
579 1858 638 1917 tibi
657 1864 748 1918 notus
770 1878 861 1918 amor.

130 2207 193 2282 Est,
214 2208 351 2268 lacrimas
371 2209 451 2268 inter
470 2210 607 2288 gaudere,
628 2216 659 2269 et
679 2209 787 2288 gaudia
807 2211 893 2270 luctu

169 2335 310 2412 Miscere;
335 2343 388 2412 est,
410 2345 498 2416 pacta
518 2344 702 2398 contremere
722 2358 816 2417 usque
836 2338 909 2399 fide:

129 2468 269 2547 Namque
288 2469 360 2528 licet
379 2474 460 2529 casta
480 2469 520 2528 sit
540 2471 650 2528 castior
669 2469 722 2527 illa
742 2470 849 2545 Diana

168 2599 213 2659 Ni
232 2599 275 2659 sic
294 2600 452 2675 horrueris,
474 2621 536 2660 non
555 2601 616 2660 tibi
635 2609 725 2662 notus
744 2623 834 2662 amor.

129 2927 270 3006 Dumque
289 2929 375 3002 absit,
397 2929 431 2987 ni
449 2930 604 3009 percupias
623 2933 723 2990 tecum
745 2949 816 3001 esse,
836 2929 958 3006 viasque

170 3056 283 3137 Saepius
302 3059 455 3138 ambiguos
473 3060 665 3120 incomitatus
685 3081 734 3122 eas
743 3081 754 3136 ;

129 3188 238 3252 Nescio
258 3192 332 3270 quid
352 3198 490 3252 tenerum
509 3195 656 3253 meditans
676 3200 708 3253 ct
726 3199 810 3252 totus
829 3193 863 3250 in
883 3192 943 3265 ille,

169 3317 321 3398 Quicquid
339 3320 372 3381 id
392 3328 446 3397 est,
469 3329 581 3401 raptus,
602 3344 663 3383 non
683 3324 740 3383 tibi
759 3330 848 3383 notus
867 3343 957 3382 amor.
