2514 4096
383 353 640 415 ARUNDINES
664 353 780 416 OAMJ.

186 594 294 671 φρενῶν
314 592 462 671 κέκομμαι,
482 595 567 670 σῶμα
588 591 612 653 δ’
632 592 752 672 ἔρρωμαι
770 592 865 672 μόνον.

184 689 253 751 τίδ’
274 689 309 752 ἅν
326 715 370 755 τις
389 689 437 752 οῦν
457 689 551 752 ὄναιτο
571 694 622 768 τῆς
641 690 736 769 ῥῶμης
754 691 841 769 μόνον

183 786 256 869 ὄγκῳ
275 790 391 867 πελωρῷ
410 787 569 867 περιπεσῶν
590 784 736 866 α’νωφελεῖ,

183 884 288 961 σοφίας
305 881 333 965 γ’
353 881 490 963 οἶμάρτων,
512 882 547 961 ἧς
566 883 619 944 ἔδει
638 883 706 962 μάλ’
727 883 840 965 ἐξόχους

182 983 211 1040 έν
230 978 254 1038 δ’
274 978 333 1040 οἶσι
353 979 400 1038 καὶ
420 979 523 1058 σφόδρ’
543 978 635 1062 ηὔχετ’
657 982 864 1064 ε’στηριγμένος,

182 1079 336 1154 φουλοῖσιν
356 1080 481 1157 αἰσχρῶς
500 1077 616 1155 ε’σφάλη
637 1079 810 1157 σοφίσμασι.

182 1175 281 1240 σθένος
299 1174 354 1258 γάρ
374 1173 469 1237 οὔποτ’
490 1180 520 1237 έν
538 1178 655 1254 βρωτοῖς
675 1174 772 1257 άρχειν
792 1178 853 1256 ἔφυ,

180 1272 325 1353 ῦτηρετεῖν
345 1273 383 1348 δὲ,
404 1276 459 1335 τῶν
476 1277 577 1351 σοφῶν
596 1272 765 1355 ἡγουμένων.

180 1370 249 1450 πρῦς
268 1369 346 1432 ταῦθ’
366 1370 383 1431 ὅ
403 1371 525 1449 Δαίμων,
547 1370 593 1430 καὶ
613 1369 704 1436 διδοῦς
723 1374 799 1433 τοῖον
820 1371 916 1453 γέρας,

179 1466 214 1528 τοὶ
234 1465 296 1545 δῶρ’
316 1464 460 1543 άπηξιόσε
478 1464 519 1544 μη
538 1465 623 1545 τιμὴν
643 1467 725 1547 ἔχειν,

180 1564 277 1642 κόμαις
297 1561 425 1642 ξυνάψας.
469 1560 546 1622 άλλό
564 1588 615 1640 μοι
635 1565 721 1643 σιγῶν
740 1562 837 1643 χρεῶν,

180 1663 309 1744 στέργειν
327 1687 359 1723 τε
379 1660 488 1740 κρυπτά
508 1664 560 1722 τοῦ
579 1664 652 1721 Θεοῦ
671 1661 858 1739 βουλεύματα

178 1765 228 1823 τοῦ
247 1759 339 1822 πάντα
358 1758 542 1838 ταμιεύοντος.
586 1757 703 1839 α’ρκείτω
723 1758 797 1820 τόδε·

177 1857 210 1920 τό
229 1883 285 1936 μου
304 1856 413 1918 σέθνειν
434 1855 593 1934 ξύμπαντος
613 1857 703 1918 αἴτιον
723 1859 818 1928 κακοῦ,

177 1959 227 2017 τοῦ
248 1953 326 2034 κάρθ’
346 1953 566 2032 ῦτερβαλόντος,
589 1952 662 2015 ὥστε
681 1953 819 2033 πημάτων

175 2054 281 2114 ἕκαστα
300 2052 371 2131 μηδὲ
390 2052 518 2129 διαβιοῦν
537 2050 671 2114 κλαίοντά
689 2078 726 2130 με
767 2122 770 2128 ,

176 2151 239 2216 ἅλις
259 2149 403 2217 δυ’νασθαι·
430 2148 463 2211 τά
483 2148 514 2208 δὲ
532 2149 661 2227 μάλιστα
680 2153 836 2229 συμφορῶν

177 2254 262 2336 ἔγνων
280 2249 314 2313 τῦ
333 2249 440 2329 πικρδν,
463 2248 595 2328 ὀμμάτων
614 2249 824 2328 βεβλαμμένος.

178 2349 288 2430 τυφλός
305 2348 370 2430 παρ’
390 2350 510 2430 ἐχθροῖς,
530 2348 585 2429 ἆρα
603 2349 643 2428 μή
664 2348 774 2428 δεσμῶν
792 2350 870 2410 πλέω

177 2445 293 2510 πέπονθ’
313 2446 424 2512 άσιτίας
443 2471 474 2506 τε
494 2446 540 2505 καὶ
559 2444 650 2528 γήρως
669 2445 748 2517 τόδε;

175 2547 210 2608 τά
229 2544 285 2627 γάρ
305 2547 377 2604 Θεοῦ
396 2546 525 2622 πρωτεῖα,
545 2542 597 2621 τήν
616 2542 705 2625 αὐγὴν
724 2543 806 2626 λέγοι,

176 2628 261 2706 ὄλωλ’
283 2644 350 2720 ε’μοῦ
369 2639 396 2723 γ’
417 2640 502 2712 ἕκατι,
521 2638 579 2720 χῶν
599 2638 633 2702 ἂν
653 2638 760 2702 ἄλλοτε

175 2738 295 2819 σμικρὰν
313 2736 502 2821 παρηγόρημο
520 2737 651 2798 ποικίλου
670 2736 772 2820 γάνους

175 2837 270 2901 πόνοις
290 2834 432 2914 αἷπηῦρων,
452 2834 600 2895 ἐκλέλοιπε
619 2838 769 2914 πανταχοῦ.

176 2935 250 3019 κάγῶ
269 2932 335 3012 παρ’
354 2932 451 3014 έρπετ’,
474 2931 507 2994 οῦ
526 2931 581 3015 γάρ
602 2932 761 3013 ἀνθρώπους
779 2935 862 3017 λέγω,

174 3031 271 3112 άτιμός
291 3030 351 3110 εἶμ’,
373 3030 392 3092 ἃ
412 3031 458 3092 καὶ
477 3034 638 3111 χαμαιπετῆ
657 3030 772 3108 βλέπει·

175 3130 239 3211 ἐμοὶ
258 3129 281 3192 δ’
301 3128 424 3213 α’φεγγές
444 3130 558 3212 φέγγος,
582 3127 639 3190 οὐδ’
658 3129 764 3209 ὕβρεως
782 3155 853 3192 ποτε

173 3229 374 3309 κάπηρεασμοῦ
395 3228 441 3289 καὶ
461 3227 552 3290 δόλων
571 3227 632 3290 καθ’
651 3227 758 3307 ἡμέραν

174 3328 252 3405 οἶκοι,
273 3325 381 3407 θάροζε,
400 3328 493 3405 μῶρος
512 3324 555 3401 ῶς,
576 3325 746 3405 ἀφίσταμαι,

174 3427 228 3501 ζῶν
246 3423 292 3487 ὧδ’
312 3422 355 3487 ἔτ’
375 3423 483 3501 ἄλλοις,
504 3425 532 3487 έν
550 3449 583 3486 τε
600 3427 640 3505 τῷ
659 3424 710 3506 ζῇν
728 3423 853 3502 ἡμιθνής

998 359 1054 420 ιιι
1084 334 1088 345 ’
