2514 4096
413 365 672 428 ARUNDINES
696 365 809 429 OAML
1029 368 1086 427 281

178 738 301 798 Daedoiu
319 738 488 800 funduntur
507 741 593 800 flores
613 742 752 801 examine
772 742 892 813 circum,

217 850 358 930 Ioeteque
377 853 551 912 melliferum
572 854 791 932 depopulantur
810 854 951 916 humum:
1044 858 1051 875 '

176 967 284 1046 Aliger
302 964 352 1027 hic
371 969 456 1028 miles
475 969 590 1047 liquido
609 970 728 1029 fluitare
749 971 805 1030 sub
825 977 909 1043 cestu

218 1085 277 1145 1110
295 1092 377 1146 amat
396 1087 430 1146 in
449 1107 565 1146 summo
584 1087 687 1146 ludere
707 1087 800 1146 fontis
819 1107 913 1166 equu5

177 1200 281 1279 Atque
300 1202 386 1276 alius,
406 1203 537 1261 volitans
558 1222 646 1280 super
665 1203 779 1262 sethera
797 1209 928 1282 praepete
948 1223 1045 1274 cursu,

218 1314 356 1394 Corporis
376 1317 506 1376 ostendit
525 1316 708 1375 versicoloris
728 1337 805 1394 opes.

179 1493 239 1564 Qui
259 1495 333 1554 bene
353 1497 516 1574 composita
535 1501 650 1575 spectat
669 1496 807 1555 mortalia
825 1501 932 1569 mente,

218 1609 280 1668 sub
300 1613 420 1688 paribus
439 1613 533 1672 sentit
553 1613 669 1690 legibus
689 1632 751 1671 esse
770 1613 865 1671 viros:

177 1726 238 1797 Qui
258 1728 396 1787 cohibent
414 1749 530 1807 gressus
550 1734 582 1788 et
601 1729 655 1806 qui
675 1728 806 1786 velocius
825 1732 942 1805 urgent,

215 1841 404 1910 Admetum,
425 1843 513 1902 modo
533 1862 625 1920 quam
644 1842 808 1911 deseruere,
828 1841 941 1900 volent

175 1955 261 2015 Sorte
281 1957 381 2017 nitent
400 1958 493 2026 varie,
512 1957 575 2015 fato
596 1961 774 2014 sternuntur
793 1955 906 2022 eodem,

215 2071 276 2142 Qui
294 2073 430 2150 sequitur
448 2073 519 2130 vitoe
539 2072 655 2150 gaudie,
677 2070 788 2147 quique
808 2069 904 2146 fugit:
1030 2100 1033 2105 ·

175 2182 356 2262 Quocunque
377 2190 495 2261 ereptus
515 2203 592 2256 casu,
614 2183 669 2241 sub
689 2182 813 2258 pulvere
834 2180 945 2239 dormit

214 2284 379 2371 PulvisJet
398 2299 472 2357 aerii
492 2298 660 2357 conticuere
682 2296 774 2354 chori

174 2470 264 2531 Forte
283 2472 391 2550 uliquis
410 2473 459 2532 cui
479 2492 550 2531 cura
564 2473 633 2549 joci,
655 2471 704 2530 cui
723 2470 826 2529 ludere
846 2469 928 2529 cordi
948 2475 1000 2543 est,

215 2585 307 2656 ‘Quid
327 2585 441 2659 melius,
462 2591 582 2644 tentum
601 2585 654 2663 qui
672 2584 768 2663 sepis,'
789 2585 897 2662 inquit,
920 2584 1041 2643 ‘habost

175 2699 274 2757 ‘Solus
294 2719 333 2773 es,
355 2704 386 2757 et
404 2699 488 2758 nulla
508 2703 554 2757 est
574 2700 622 2758 cui
638 2700 748 2776 jungas
769 2700 869 2758 oscula
888 2700 999 2777 conjux
1005 2719 1015 2772 3

215 2813 322 2872 ‘Nulla
341 2813 446 2881 domus
466 2813 594 2892 liquidas
614 2833 681 2892 quae
702 2814 761 2872 tibi
781 2815 891 2873 condet
911 2834 988 2892 opes

175 2927 259 2986 ‘Non
278 2934 332 2986 tue
351 2947 405 3005 per
425 2928 531 2987 caelum
550 2929 645 3006 pictos
665 2929 793 2987 sertula
813 2930 931 3003 colores,

214 3045 367 3104 ‘Maturus
386 3045 476 3122 periit
496 3044 550 3103 flos
569 3052 641 3103 tuus
661 3049 732 3103 ante
752 3044 848 3104 diem:

174 3159 239 3218 ‘sol
258 3160 316 3218 tibi
336 3160 484 3233 discessit3
504 3159 612 3219 cecidit
631 3160 688 3218 tibi
708 3160 803 3237 gloria
823 3161 917 3220 veris:

215 3275 291 3334 ‘Nos
311 3278 463 3355 sequimur
482 3282 606 3348 nostros,
626 3276 699 3336 dum
719 3277 792 3336 sinit
811 3277 891 3350 horo,
909 3275 1009 3354 jocos.'

871 3401 906 3442 w.
922 3402 948 3443 o.
964 3401 995 3442 11.
