2514 4096
422 359 677 420 ARUNDINES
703 360 818 422 OAMI.
1035 361 1094 420 249

444 715 574 780 &ultam
593 715 623 780 lu
642 717 788 785 monstrt

263 869 390 940 QUIDAM
409 870 442 927 in
462 869 584 928 desertis
599 870 726 947 joculari
746 890 817 929 voce
837 873 967 949 rogabat,

304 967 415 1044 ‘Fraga
434 973 507 1045 quot
527 968 560 1025 in
579 969 677 1046 pelagi
696 969 845 1027 fiuctubus
866 975 931 1027 orta
951 970 1065 1047 putasl'
1102 1022 1106 1028 .

260 1060 324 1120 Nec
343 1062 419 1119 male
439 1062 569 1140 quaesitis
589 1062 644 1120 hoc
664 1063 842 1140 respondere
861 1064 993 1136 videbar,

301 1158 398 1216 ‘Salsa
418 1165 491 1235 quot
511 1159 625 1218 alecurn
645 1161 740 1219 millia
760 1162 835 1220 silva
856 1161 954 1239 parit.²

931 1276 960 1317 r.
974 1275 1006 1317 Η.

493 1424 735 1434 ——-—.-.

494 1633 582 1711 ilcila
602 1633 734 1716 loquitur.

178 1782 290 1844 Nonus
309 1786 399 1861 vides,
420 1789 482 1848 leni
502 1791 554 1867 qui
573 1790 686 1849 labitur
706 1793 823 1869 agmine
843 1793 935 1869 rivus,

176 1881 322 1960 Spumeus
342 1889 482 1962 exundat,
505 1890 633 1947 morosi
653 1910 712 1968 qua
732 1891 864 1949 retardat
885 1897 1020 1951 euntem:

175 1980 229 2039 sin
248 1983 397 2060 placidum
417 1986 499 2043 nullo
520 1986 674 2063 perfecerit
695 1988 788 2065 objice
808 2007 934 2064 cursum,

177 2079 274 2140 Suave
292 2083 454 2141 renidentis
473 2102 610 2142 murmur
628 2104 682 2162 per
701 2085 779 2143 levia
798 2106 896 2144 arenae

176 2178 255 2237 Saxa
273 2180 339 2254 ciet,
361 2181 533 2259 lentumque
554 2182 623 2240 siler
642 2182 802 2260 mollesque
822 2184 959 2260 genistas,

175 2277 242 2335 Vix
261 2279 333 2338 adeo
352 2281 440 2338 tactis
461 2281 593 2338 delibans
613 2281 717 2353 oscula,
740 2280 866 2340 lambitl

174 2376 278 2454 Atque
297 2377 341 2434 ita
360 2397 414 2453 per
433 2378 542 2444 multos
563 2378 712 2435 anfractus
732 2378 861 2436 flexibus
880 2383 968 2452 errat,

175 2473 215 2531 Et
235 2474 314 2533 ludit
332 2476 444 2548 ludum,
466 2476 550 2534 nullo
569 2475 724 2548 retinente,
746 2495 905 2552 procacem,
928 2520 933 2531 .

176 2570 278 2631 Donec
296 2572 405 2633 lascivo
424 2575 509 2651 ponti
529 2594 560 2632 se
580 2574 743 2631 immisceat
763 2581 845 2631 aestu.

176 2668 224 2727 Sic
243 2690 353 2746 precor,
375 2691 393 2728 o
412 2672 503 2748 virgo,
526 2672 569 2729 nil
590 2691 638 2729 me
657 2671 813 2729 remoreris
833 2674 968 2731 euntem!

174 2766 252 2843 Ipsa,
272 2768 358 2842 sinus,
380 2770 505 2826 referam
525 2769 688 2845 tranquilla
707 2769 826 2827 silentia
845 2770 919 2844 rivi,

174 2865 279 2943 Atque
299 2868 348 2925 via
368 2869 503 2946 quamvis
521 2868 646 2944 vestigia
666 2867 741 2925 fessa
761 2888 908 2944 reponam,

173 2963 231 3022 Ibo
250 2965 316 3038 iter,
337 2970 367 3023 et
387 2966 465 3042 grati
485 2972 647 3042 praetexam
667 2966 787 3024 nomine
806 2966 871 3024 ludi
876 2985 886 3039 3

174 3061 277 3120 Donec
296 3063 329 3120 in
350 3069 482 3121 extremo
502 3081 589 3120 cursu
605 3062 669 3140 jam
689 3063 796 3122 reddar
816 3065 929 3124 amanti

173 3159 316 3234 Molliter,
339 3165 370 3218 et
389 3161 499 3218 blanda
518 3161 616 3238 potiar
636 3167 776 3220 contenta
796 3163 911 3240 quiete3

174 3255 272 3330 Quali,
294 3277 417 3335 operum
437 3259 507 3316 vitae
527 3259 666 3336 longique
686 3260 783 3317 soluta
802 3260 919 3334 laboris,

173 3356 292 3414 Umbra
310 3375 365 3434 per
385 3355 500 3434 Elysios
520 3357 632 3416 fruitur
652 3358 715 3416 sine
734 3358 794 3417 fine
813 3379 952 3419 recessus.

889 3475 914 3519 0.
929 3476 1000 3519 m.
