2514 4096
334 352 591 412 ARUNDINES
617 353 733 415 clm
952 356 1008 418 167

156 724 174 760 n
194 702 299 780 lingue
318 700 452 778 infringi,
472 720 533 758 vox
554 700 680 759 delirare
700 701 807 775 virilis,

158 801 246 859 fundi
266 799 396 858 infantes
416 798 504 857 balba
524 797 560 855 dc
580 817 653 856 nare
673 798 795 858 susurri.

156 917 188 955 us
208 897 280 955 inde
300 900 373 953 aetes
393 895 525 953 succedit
545 895 678 971 septima,
699 894 769 953 finis
789 935 791 938 ι

156 995 231 1068 ollae,
256 998 409 1052 extremus
428 992 500 1050 vitae
521 991 667 1049 mirabilis
688 997 792 1051 actus:
848 1044 850 1048 ,

156 1093 255 1152 udicet
274 1092 437 1169 ingenium,
459 1091 572 1149 rediere
592 1091 702 1149 oblivia
722 1111 822 1150 rerum
832 1107 842 1165 ;

156 1197 212 1249 itus
232 1190 329 1260 hebet,
349 1195 477 1266 pereunt
497 1189 610 1259 dentes,
632 1196 677 1248 est
697 1189 800 1248 lumen
819 1191 991 1269 ademptum
1001 1213 1010 1268 3

156 1291 207 1348 nia
226 1289 369 1348 deficiunt
389 1294 480 1365 etque
500 1307 560 1346 uno
580 1293 712 1365 tempore
731 1287 848 1346 desunt
914 1308 916 1312 ⁴

809 1403 836 1444 u
852 1402 885 1444 Η.
900 1403 930 1447 1).

404 1545 653 1554 ——2—

420 1705 509 1775 θεῖα
529 1703 652 1766 noctu

260 1861 366 1919 Vnsoo
386 1860 489 1936 magni
508 1864 581 1918 nate
601 1859 730 1934 Locrini,

258 1957 475 2016 Anchisiadum
496 1955 616 2033 sanguis
635 1976 769 2029 avorum,

258 2057 308 2114 Sic
328 2056 385 2113 tibi
404 2074 559 2130 nunquam
578 2054 678 2132 largus
698 2075 842 2132 aquarum

219 2216 222 2222 ⁴
258 2155 365 2214 Ocreat
385 2153 482 2231 plenis
502 2153 635 2211 fontibus
655 2154 750 2212 amnis
760 2173 770 2228 3

259 2253 318 2311 Sed
338 2252 476 2310 desiliant
495 2257 704 2310 montanorum

261 2352 350 2410 Mille
370 2355 523 2427 crepantes
543 2349 683 2406 scatebrse
703 2348 828 2406 nivium.

259 2451 328 2509 Tibi
347 2470 401 2509 nec
419 2449 481 2506 diri
502 2449 597 2507 Sirius
617 2449 691 2506 astri

260 2550 382 2608 Orinem
401 2554 546 2620 attenuet,
568 2552 665 2605 tostus
686 2553 717 2606 et
737 2565 804 2621 eer3

259 2636 326 2706 Nec
346 2645 479 2723 crystalli
498 2664 589 2722 puros
610 2644 714 2703 calices

159 2776 165 2794 κ
262 2744 407 2822 Inquinet
428 2743 501 2801 atris
522 2742 652 2800 October
671 2742 780 2818 equis·

259 2842 319 2911 Sed
338 2840 483 2916 beryllon,
504 2840 554 2897 sed
576 2844 645 2897 tuus
665 2859 772 2896 aurum

261 2940 385 2998 Mollem
405 2939 513 2997 fluctus
535 2936 636 2994 volvat
656 2937 694 2994 ad
714 2955 796 2994 cram
807 2956 817 3010 ;

260 3037 319 3096 Sed
339 3035 396 3094 tibi
415 3035 546 3092 frontem
566 3031 659 3090 turris
681 3038 711 3090 et
732 3051 822 3110 agger

261 3133 346 3193 Laeta
367 3152 483 3210 semper
501 3131 580 3190 mole
600 3135 748 3204 coronent,

260 3233 406 3311 Ripaeque
426 3230 525 3288 oleant
543 3229 640 3287 mixtu
659 3228 770 3287 virenti

383 3329 528 3388 cinnama
547 3326 675 3404 myrrha.
