2514 4096
380 351 637 415 ARUNDINES
662 351 777 414 OAMI.
999 353 1058 412 135

183 638 247 712 Est,
268 638 322 696 ubi
341 637 418 696 forte
436 637 531 696 trahit
551 636 678 716 suspiria
697 636 759 697 sola
778 636 938 714 Voluptas,

224 736 330 794 Insula
350 735 476 794 ceruleo
496 736 685 813 semisepulta
705 735 801 810 mari3

184 833 250 905 Qua
269 833 332 892 lati
351 833 479 892 nimium
499 833 573 891 fietu
593 832 752 891 solvuntur
771 837 915 902 amantes,

224 933 291 1005 Qua
310 933 424 992 sineere
442 933 522 1007 fides,
542 933 737 992 intemeratus
756 932 867 1010 hymen
876 950 887 1006 ;

184 1106 311 1178 Quidam
330 1111 376 1166 est
394 1105 557 1182 longinqua
576 1104 672 1164 duleis
692 1104 851 1164 Peradisus
871 1105 905 1164 in
925 1125 985 1182 ora,

223 1207 314 1266 Unde
333 1211 422 1267 tuum
441 1205 544 1263 labens
563 1203 666 1262 exulat
686 1202 757 1261 orbe
777 1203 872 1262 melos
881 1221 892 1278 3

183 1303 249 1376 Qua
268 1308 353 1381 parte
373 1302 508 1361 accendit
527 1301 670 1360 formosos
691 1299 845 1378 Hesperus
864 1301 956 1378 ignes,

220 1402 385 1480 Pressaque
404 1406 476 1459 sunt
494 1401 571 1459 tutis
591 1401 691 1459 osenla
709 1400 808 1458 inulta
826 1400 919 1478 genis·

182 1578 299 1658 Hospes
318 1578 356 1638 ab
376 1577 490 1650 Idaliis,
512 1576 648 1654 Zephyre
667 1575 695 1634 0
716 1575 896 1647 suavissime,
918 1575 1000 1650 lueis,

220 1677 254 1736 si
273 1678 351 1736 forte
371 1676 410 1734 ad
429 1675 558 1753 patriam
578 1674 618 1732 sis
638 1673 788 1732 rediturus
808 1673 941 1748 humum,

179 1773 302 1834 lascive
323 1774 444 1851 cupiens
465 1792 532 1830 cum
552 1770 811 1848 resplendentibus
831 1769 925 1829 Horis

219 1872 336 1931 Ludere
356 1871 481 1930 Natura
501 1870 685 1948 prosperiore
705 1868 792 1927 domo
802 1886 813 1942 3

176 2043 232 2105 Bis
250 2049 356 2122 terque
377 2043 493 2121 Elysios
513 2042 616 2101 doceas
635 2061 771 2100 resonare
790 2060 926 2116 recessus,

216 2143 376 2220 Antraque
396 2141 520 2200 oaelestis
539 2140 676 2218 religiosa
695 2140 788 2213 chori,

175 2240 298 2300 Nomen
317 2240 471 2312 inoruetae,
494 2238 641 2317 Superum
661 2258 728 2316 que
748 2234 992 2314 vinest'amores,

216 2339 486 2419 Virginis—inque
505 2338 557 2407 illo
578 2337 618 2396 sit
638 2336 799 2424 Oenomai
819 2355 898 2406 sono.

889 2448 921 2494 H.
937 2451 969 2495 1).

448 2642 690 2656 *-

430 2874 481 2938 ex
499 2873 585 2949 ottilo
605 2875 646 2939 sll
665 2876 709 2940 dt.

175 3053 253 3124 Qun
272 3062 282 3090 ‘
291 3051 537 3115 Nihili-omnino’
556 3055 704 3132 gaudebat
722 3054 851 3131 nomine,
873 3057 961 3117 tostis

190 3156 193 3161 ’
212 3149 297 3210 Iners
316 3151 485 3229 perexiguis
503 3172 536 3211 se
555 3154 705 3211 recreabat
725 3152 834 3214 Anus:

173 3246 279 3308 Stabat
299 3247 399 3308 hiulea
419 3249 509 3326 Gigas
528 3250 698 3327 expandens
718 3270 780 3324 ora,
801 3251 980 3330 domumque

174 3398 177 3408 .
212 3346 285 3408 Ah!
305 3347 396 3406 simul
415 3353 447 3406 et
466 3348 605 3407 miseram
625 3349 854 3408 contumulabet
873 3349 988 3408 Anum

887 3463 913 3507 F·
929 3463 964 3507 Η.

112 3659 1071 3697 ᾪβ-ὴ--ᾕ-
