<?xml version="1.0" encoding="UTF-8"?>
<!DOCTYPE html PUBLIC "-//W3C//DTD XHTML 1.0 Transitional//EN"
    "http://www.w3.org/TR/xhtml1/DTD/xhtml1-transitional.dtd">
<html xmlns="http://www.w3.org/1999/xhtml" xml:lang="en" lang="en">
 <head>
  <title>
</title>
<meta http-equiv="Content-Type" content="text/html;charset=utf-8" />
  <meta name='ocr-system' content='tesseract 3.04.00' />
  <meta name='ocr-capabilities' content='ocr_page ocr_carea ocr_par ocr_line ocrx_word'/>
</head>
<body>
  <div class='ocr_page' id='page_1' title='image "./arundinescamisi02drurgoog_0146.png"; bbox 0 0 2514 4096; ppageno 0'>
   <div class='ocr_carea' id='block_1_1' title="bbox 404 353 1112 417">
    <p class='ocr_par' dir='ltr' id='par_1_1' title="bbox 404 353 1112 417">
     <span class='ocr_line' id='line_1_1' title="bbox 404 353 1112 417; baseline 0 -3"><span class='ocrx_word' id='word_1_1' title='bbox 404 355 659 416; x_wconf 74' lang='lat' dir='ltr'><em>ARUNDINES</em></span> <span class='ocrx_word' id='word_1_2' title='bbox 684 353 798 417; x_wconf 74' lang='lat' dir='ltr'>orm.</span> <span class='ocrx_word' id='word_1_3' title='bbox 1022 355 1080 415; x_wconf 81' lang='lat'>113</span> <span class='ocrx_word' id='word_1_4' title='bbox 1109 383 1112 390; x_wconf 97' lang='lat'><em>·</em></span> 
     </span>
    </p>
   </div>
   <div class='ocr_carea' id='block_1_2' title="bbox 454 788 765 864">
    <p class='ocr_par' dir='ltr' id='par_1_2' title="bbox 454 788 765 864">
     <span class='ocr_line' id='line_1_2' title="bbox 454 788 765 864; baseline -0.003 -13"><span class='ocrx_word' id='word_1_5' title='bbox 454 788 604 864; x_wconf 51' lang='lat' dir='ltr'>walttrut</span> <span class='ocrx_word' id='word_1_6' title='bbox 626 788 765 852; x_wconf 61' lang='lat' dir='ltr'>durau.</span> 
     </span>
    </p>
   </div>
   <div class='ocr_carea' id='block_1_3' title="bbox 173 939 1065 3222">
    <p class='ocr_par' dir='ltr' id='par_1_3' title="bbox 173 939 941 1163">
     <span class='ocr_line' id='line_1_3' title="bbox 173 939 928 1048; baseline 0.009 -22"><span class='ocrx_word' id='word_1_7' title='bbox 173 967 246 1029; x_wconf 76' lang='lat' dir='ltr'>Non</span> <span class='ocrx_word' id='word_1_8' title='bbox 265 969 331 1042; x_wconf 87' lang='lat' dir='ltr'>tibi,</span> <span class='ocrx_word' id='word_1_9' title='bbox 353 989 421 1028; x_wconf 88' lang='lat' dir='ltr'>cum</span> <span class='ocrx_word' id='word_1_10' title='bbox 440 939 541 1030; x_wconf 82' lang='lat' dir='ltr'>tantas</span> <span class='ocrx_word' id='word_1_11' title='bbox 560 971 684 1029; x_wconf 78' lang='lat' dir='ltr'>auderes</span> <span class='ocrx_word' id='word_1_12' title='bbox 704 971 809 1032; x_wconf 89' lang='lat' dir='ltr'>tollere</span> <span class='ocrx_word' id='word_1_13' title='bbox 829 974 928 1048; x_wconf 87' lang='lat' dir='ltr'>moles,</span> 
     </span>
     <span class='ocr_line' id='line_1_4' title="bbox 175 1084 941 1163; baseline 0.005 -19"><span class='ocrx_word' id='word_1_14' title='bbox 175 1084 340 1146; x_wconf 81' lang='lat' dir='ltr'>Submisere</span> <span class='ocrx_word' id='word_1_15' title='bbox 360 1087 459 1146; x_wconf 85' lang='lat' dir='ltr'>trabes</span> <span class='ocrx_word' id='word_1_16' title='bbox 479 1087 561 1146; x_wconf 80' lang='lat' dir='ltr'>silvae</span> <span class='ocrx_word' id='word_1_17' title='bbox 572 1108 582 1163; x_wconf 84' lang='lat'>3</span> <span class='ocrx_word' id='word_1_18' title='bbox 604 1108 666 1147; x_wconf 90' lang='lat' dir='ltr'>non</span> <span class='ocrx_word' id='word_1_19' title='bbox 687 1089 793 1148; x_wconf 83' lang='lat' dir='ltr'>hausta</span> <span class='ocrx_word' id='word_1_20' title='bbox 813 1089 941 1148; x_wconf 73' lang='lat' dir='ltr'>metallis</span> 
     </span>
    </p>

    <p class='ocr_par' dir='ltr' id='par_1_4' title="bbox 175 1197 943 1280">
     <span class='ocr_line' id='line_1_5' title="bbox 175 1197 943 1280; baseline 0.007 -23"><span class='ocrx_word' id='word_1_21' title='bbox 175 1197 258 1274; x_wconf 78' lang='lat' dir='ltr'>Saxa,</span> <span class='ocrx_word' id='word_1_22' title='bbox 280 1219 335 1259; x_wconf 86' lang='lat' dir='ltr'>nec</span> <span class='ocrx_word' id='word_1_23' title='bbox 355 1201 464 1260; x_wconf 78' lang='lat' dir='ltr'>effossa</span> <span class='ocrx_word' id='word_1_24' title='bbox 485 1221 603 1260; x_wconf 87' lang='lat' dir='ltr'>crevere</span> <span class='ocrx_word' id='word_1_25' title='bbox 623 1203 656 1260; x_wconf 90' lang='lat' dir='ltr'>in</span> <span class='ocrx_word' id='word_1_26' title='bbox 677 1204 786 1262; x_wconf 85' lang='lat' dir='ltr'>moenia</span> <span class='ocrx_word' id='word_1_27' title='bbox 806 1203 943 1280; x_wconf 81' lang='lat' dir='ltr'>quadrae:</span> 
     </span>
    </p>

    <p class='ocr_par' dir='ltr' id='par_1_5' title="bbox 173 1313 930 1394">
     <span class='ocr_line' id='line_1_6' title="bbox 173 1313 930 1394; baseline 0.005 -21"><span class='ocrx_word' id='word_1_28' title='bbox 173 1313 257 1388; x_wconf 85' lang='lat' dir='ltr'>Ecce,</span> <span class='ocrx_word' id='word_1_29' title='bbox 278 1315 336 1374; x_wconf 90' lang='lat' dir='ltr'>tibi</span> <span class='ocrx_word' id='word_1_30' title='bbox 354 1317 444 1376; x_wconf 84' lang='lat' dir='ltr'>vitrei</span> <span class='ocrx_word' id='word_1_31' title='bbox 464 1317 620 1394; x_wconf 90' lang='lat' dir='ltr'>riguerunt</span> <span class='ocrx_word' id='word_1_32' title='bbox 641 1337 785 1377; x_wconf 88' lang='lat' dir='ltr'>marmore</span> <span class='ocrx_word' id='word_1_33' title='bbox 804 1317 930 1378; x_wconf 76' lang='lat' dir='ltr'>fluctus!</span> 
     </span>
    </p>

    <p class='ocr_par' dir='ltr' id='par_1_6' title="bbox 175 1428 834 1509">
     <span class='ocr_line' id='line_1_7' title="bbox 175 1428 834 1509; baseline 0.003 -22"><span class='ocrx_word' id='word_1_34' title='bbox 175 1428 278 1500; x_wconf 80' lang='lat' dir='ltr'>Qualis</span> <span class='ocrx_word' id='word_1_35' title='bbox 297 1429 464 1490; x_wconf 71' lang='lat' dir='ltr'>Aristaeum</span> <span class='ocrx_word' id='word_1_36' title='bbox 485 1431 609 1508; x_wconf 77' lang='lat' dir='ltr'>Gyrenae</span> <span class='ocrx_word' id='word_1_37' title='bbox 629 1432 711 1509; x_wconf 84' lang='lat' dir='ltr'>regia</span> <span class='ocrx_word' id='word_1_38' title='bbox 730 1432 834 1489; x_wconf 84' lang='lat' dir='ltr'>matris</span> 
     </span>
    </p>

    <p class='ocr_par' dir='ltr' id='par_1_7' title="bbox 175 1546 1025 1854">
     <span class='ocr_line' id='line_1_8' title="bbox 176 1546 1025 1626; baseline -0.005 -21"><span class='ocrx_word' id='word_1_39' title='bbox 176 1546 269 1624; x_wconf 80' lang='lat' dir='ltr'>oepit,</span> <span class='ocrx_word' id='word_1_40' title='bbox 291 1567 381 1625; x_wconf 89' lang='lat' dir='ltr'>apum</span> <span class='ocrx_word' id='word_1_41' title='bbox 401 1554 514 1625; x_wconf 89' lang='lat' dir='ltr'>strages</span> <span class='ocrx_word' id='word_1_42' title='bbox 535 1548 702 1626; x_wconf 83' lang='lat' dir='ltr'>infectaque</span> <span class='ocrx_word' id='word_1_43' title='bbox 723 1547 813 1605; x_wconf 88' lang='lat' dir='ltr'>mella</span> <span class='ocrx_word' id='word_1_44' title='bbox 832 1548 1006 1624; x_wconf 72' lang='lat' dir='ltr'>querentem</span> <span class='ocrx_word' id='word_1_45' title='bbox 1016 1563 1025 1617; x_wconf 88' lang='lat'>;</span> 
     </span>
     <span class='ocr_line' id='line_1_9' title="bbox 175 1659 1023 1740; baseline -0.002 -21"><span class='ocrx_word' id='word_1_46' title='bbox 175 1662 242 1719; x_wconf 89' lang='lat' dir='ltr'>Aut</span> <span class='ocrx_word' id='word_1_47' title='bbox 262 1662 380 1738; x_wconf 89' lang='lat' dir='ltr'>qualem</span> <span class='ocrx_word' id='word_1_48' title='bbox 401 1661 577 1722; x_wconf 77' lang='lat' dir='ltr'>sibimunit</span> <span class='ocrx_word' id='word_1_49' title='bbox 598 1661 714 1737; x_wconf 82' lang='lat' dir='ltr'>Hyems</span> <span class='ocrx_word' id='word_1_50' title='bbox 735 1659 790 1740; x_wconf 88' lang='lat' dir='ltr'>(ita</span> <span class='ocrx_word' id='word_1_51' title='bbox 810 1661 921 1736; x_wconf 89' lang='lat' dir='ltr'>fingere</span> <span class='ocrx_word' id='word_1_52' title='bbox 940 1664 1023 1718; x_wconf 87' lang='lat' dir='ltr'>vates</span> 
     </span>
     <span class='ocr_line' id='line_1_10' title="bbox 177 1767 931 1854; baseline 0.001 -24"><span class='ocrx_word' id='word_1_53' title='bbox 177 1767 375 1854; x_wconf 75' lang='lat' dir='ltr'>Crediderim)</span> <span class='ocrx_word' id='word_1_54' title='bbox 392 1775 464 1833; x_wconf 87' lang='lat' dir='ltr'>diris</span> <span class='ocrx_word' id='word_1_55' title='bbox 484 1782 520 1834; x_wconf 91' lang='lat' dir='ltr'>ut</span> <span class='ocrx_word' id='word_1_56' title='bbox 540 1781 637 1834; x_wconf 84' lang='lat' dir='ltr'>servet</span> <span class='ocrx_word' id='word_1_57' title='bbox 657 1775 691 1832; x_wconf 92' lang='lat' dir='ltr'>in</span> <span class='ocrx_word' id='word_1_58' title='bbox 710 1775 821 1833; x_wconf 81' lang='lat' dir='ltr'>cedibus</span> <span class='ocrx_word' id='word_1_59' title='bbox 840 1794 931 1844; x_wconf 87' lang='lat' dir='ltr'>arma,</span> 
     </span>
    </p>

    <p class='ocr_par' dir='ltr' id='par_1_8' title="bbox 177 1887 948 1966">
     <span class='ocr_line' id='line_1_11' title="bbox 177 1887 948 1966; baseline 0.001 -20"><span class='ocrx_word' id='word_1_60' title='bbox 177 1887 210 1946; x_wconf 86' lang='lat' dir='ltr'>Si</span> <span class='ocrx_word' id='word_1_61' title='bbox 228 1893 352 1966; x_wconf 86' lang='lat' dir='ltr'>poscant</span> <span class='ocrx_word' id='word_1_62' title='bbox 373 1890 429 1948; x_wconf 87' lang='lat' dir='ltr'>sibi</span> <span class='ocrx_word' id='word_1_63' title='bbox 449 1891 510 1948; x_wconf 85' lang='lat' dir='ltr'>tela</span> <span class='ocrx_word' id='word_1_64' title='bbox 531 1891 594 1949; x_wconf 91' lang='lat' dir='ltr'>dari</span> <span class='ocrx_word' id='word_1_65' title='bbox 615 1890 767 1966; x_wconf 89' lang='lat' dir='ltr'>Ventique</span> <span class='ocrx_word' id='word_1_66' title='bbox 787 1889 948 1965; x_wconf 87' lang='lat' dir='ltr'>Nivesque,</span> 
     </span>
    </p>

    <p class='ocr_par' dir='ltr' id='par_1_9' title="bbox 177 2000 934 2192">
     <span class='ocr_line' id='line_1_12' title="bbox 177 2000 934 2081; baseline 0.004 -22"><span class='ocrx_word' id='word_1_67' title='bbox 177 2000 209 2059; x_wconf 86' lang='lat' dir='ltr'>Si</span> <span class='ocrx_word' id='word_1_68' title='bbox 224 2001 360 2078; x_wconf 85' lang='lat' dir='ltr'>jaculum</span> <span class='ocrx_word' id='word_1_69' title='bbox 379 2002 501 2080; x_wconf 77' lang='lat' dir='ltr'>glaciale</span> <span class='ocrx_word' id='word_1_70' title='bbox 520 2004 755 2081; x_wconf 85' lang='lat' dir='ltr'>pruiniferasque</span> <span class='ocrx_word' id='word_1_71' title='bbox 774 2001 934 2080; x_wconf 85' lang='lat' dir='ltr'>pharetras.</span> 
     </span>
     <span class='ocr_line' id='line_1_13' title="bbox 178 2113 921 2192; baseline 0.001 -19"><span class='ocrx_word' id='word_1_72' title='bbox 178 2113 315 2174; x_wconf 83' lang='lat' dir='ltr'>Surrexit</span> <span class='ocrx_word' id='word_1_73' title='bbox 335 2116 433 2190; x_wconf 88' lang='lat' dir='ltr'>tacite,</span> <span class='ocrx_word' id='word_1_74' title='bbox 456 2136 514 2176; x_wconf 88' lang='lat' dir='ltr'>ceu·</span> <span class='ocrx_word' id='word_1_75' title='bbox 529 2123 614 2176; x_wconf 87' lang='lat' dir='ltr'>muta</span> <span class='ocrx_word' id='word_1_76' title='bbox 633 2117 788 2192; x_wconf 83' lang='lat' dir='ltr'>insomnia,</span> <span class='ocrx_word' id='word_1_77' title='bbox 810 2116 902 2174; x_wconf 87' lang='lat' dir='ltr'>moles</span> <span class='ocrx_word' id='word_1_78' title='bbox 912 2136 921 2190; x_wconf 71' lang='lat'>5</span> 
     </span>
    </p>

    <p class='ocr_par' dir='ltr' id='par_1_10' title="bbox 177 2227 1005 2423">
     <span class='ocr_line' id='line_1_14' title="bbox 177 2227 1005 2310; baseline -0.001 -23"><span class='ocrx_word' id='word_1_79' title='bbox 177 2227 248 2288; x_wconf 87' lang='lat' dir='ltr'>Non</span> <span class='ocrx_word' id='word_1_80' title='bbox 268 2230 398 2307; x_wconf 84' lang='lat' dir='ltr'>crepitus</span> <span class='ocrx_word' id='word_1_81' title='bbox 418 2251 511 2306; x_wconf 80' lang='lat' dir='ltr'>serrae,</span> <span class='ocrx_word' id='word_1_82' title='bbox 534 2233 635 2289; x_wconf 89' lang='lat' dir='ltr'>sonuit</span> <span class='ocrx_word' id='word_1_83' title='bbox 654 2251 715 2290; x_wconf 89' lang='lat' dir='ltr'>non</span> <span class='ocrx_word' id='word_1_84' title='bbox 735 2232 856 2290; x_wconf 83' lang='lat' dir='ltr'>verbere</span> <span class='ocrx_word' id='word_1_85' title='bbox 876 2229 964 2288; x_wconf 90' lang='lat' dir='ltr'>surdo</span> <span class='ocrx_word' id='word_1_86' title='bbox 1002 2305 1005 2310; x_wconf 84' lang='lat'><em>.</em></span> 
     </span>
     <span class='ocr_line' id='line_1_15' title="bbox 177 2341 891 2423; baseline 0.001 -24"><span class='ocrx_word' id='word_1_87' title='bbox 177 2341 324 2402; x_wconf 83' lang='lat' dir='ltr'>Malleus:</span> <span class='ocrx_word' id='word_1_88' title='bbox 344 2343 408 2420; x_wconf 85' lang='lat' dir='ltr'>ipsa</span> <span class='ocrx_word' id='word_1_89' title='bbox 428 2364 516 2422; x_wconf 88' lang='lat' dir='ltr'>super</span> <span class='ocrx_word' id='word_1_90' title='bbox 535 2345 641 2423; x_wconf 88' lang='lat' dir='ltr'>glacies</span> <span class='ocrx_word' id='word_1_91' title='bbox 661 2345 740 2403; x_wconf 87' lang='lat' dir='ltr'>illisa</span> <span class='ocrx_word' id='word_1_92' title='bbox 761 2349 891 2403; x_wconf 83' lang='lat' dir='ltr'>coactam</span> 
     </span>
    </p>

    <p class='ocr_par' dir='ltr' id='par_1_11' title="bbox 177 2455 1065 2993">
     <span class='ocr_line' id='line_1_16' title="bbox 177 2455 995 2540; baseline 0.001 -26"><span class='ocrx_word' id='word_1_93' title='bbox 177 2455 323 2515; x_wconf 82' lang='lat' dir='ltr'>Firmavit</span> <span class='ocrx_word' id='word_1_94' title='bbox 343 2457 473 2535; x_wconf 84' lang='lat' dir='ltr'>glaciem,</span> <span class='ocrx_word' id='word_1_95' title='bbox 496 2460 581 2540; x_wconf 82' lang='lat' dir='ltr'>(quid</span> <span class='ocrx_word' id='word_1_96' title='bbox 601 2460 681 2517; x_wconf 90' lang='lat' dir='ltr'>enim</span> <span class='ocrx_word' id='word_1_97' title='bbox 702 2465 843 2518; x_wconf 72' lang='lat' dir='ltr'>caementa</span> <span class='ocrx_word' id='word_1_98' title='bbox 862 2460 995 2536; x_wconf 88' lang='lat' dir='ltr'>requirat</span> 
     </span>
     <span class='ocr_line' id='line_1_17' title="bbox 177 2571 1063 2653; baseline 0 -24"><span class='ocrx_word' id='word_1_99' title='bbox 177 2571 267 2630; x_wconf 86' lang='lat' dir='ltr'>Molis</span> <span class='ocrx_word' id='word_1_100' title='bbox 288 2592 362 2650; x_wconf 88' lang='lat' dir='ltr'>opus</span> <span class='ocrx_word' id='word_1_101' title='bbox 381 2574 502 2651; x_wconf 83' lang='lat' dir='ltr'>liquidae</span> <span class='ocrx_word' id='word_1_102' title='bbox 511 2575 533 2653; x_wconf 79' lang='lat' dir='ltr'>l)</span> <span class='ocrx_word' id='word_1_103' title='bbox 554 2594 768 2652; x_wconf 83' lang='lat' dir='ltr'>numerosaque</span> <span class='ocrx_word' id='word_1_104' title='bbox 787 2573 877 2631; x_wconf 88' lang='lat' dir='ltr'>fluxit</span> <span class='ocrx_word' id='word_1_105' title='bbox 896 2574 929 2630; x_wconf 90' lang='lat' dir='ltr'>in</span> <span class='ocrx_word' id='word_1_106' title='bbox 949 2592 1044 2629; x_wconf 88' lang='lat' dir='ltr'>unum</span> <span class='ocrx_word' id='word_1_107' title='bbox 1053 2592 1063 2646; x_wconf 91' lang='lat'>,·</span> 
     </span>
     <span class='ocr_line' id='line_1_18' title="bbox 178 2686 1065 2766; baseline -0.001 -22"><span class='ocrx_word' id='word_1_108' title='bbox 178 2686 439 2765; x_wconf 86' lang='lat' dir='ltr'>Lympharumquc</span> <span class='ocrx_word' id='word_1_109' title='bbox 460 2688 563 2746; x_wconf 91' lang='lat' dir='ltr'>domus</span> <span class='ocrx_word' id='word_1_110' title='bbox 582 2688 772 2766; x_wconf 86' lang='lat' dir='ltr'>lympharum</span> <span class='ocrx_word' id='word_1_111' title='bbox 792 2688 945 2764; x_wconf 83' lang='lat' dir='ltr'>aspergine</span> <span class='ocrx_word' id='word_1_112' title='bbox 965 2686 1065 2746; x_wconf 87' lang='lat' dir='ltr'>crevit.</span> 
     </span>
     <span class='ocr_line' id='line_1_19' title="bbox 178 2797 998 2877; baseline 0.001 -21"><span class='ocrx_word' id='word_1_113' title='bbox 178 2797 294 2877; x_wconf 89' lang='lat' dir='ltr'>Lychni</span> <span class='ocrx_word' id='word_1_114' title='bbox 314 2799 348 2857; x_wconf 92' lang='lat' dir='ltr'>in</span> <span class='ocrx_word' id='word_1_115' title='bbox 366 2799 538 2876; x_wconf 85' lang='lat' dir='ltr'>parietibus,</span> <span class='ocrx_word' id='word_1_116' title='bbox 561 2800 723 2877; x_wconf 92' lang='lat' dir='ltr'>multisque</span> <span class='ocrx_word' id='word_1_117' title='bbox 744 2800 888 2858; x_wconf 86' lang='lat' dir='ltr'>coloribus</span> <span class='ocrx_word' id='word_1_118' title='bbox 908 2801 998 2877; x_wconf 84' lang='lat' dir='ltr'>ignes,</span> 
     </span>
     <span class='ocr_line' id='line_1_20' title="bbox 179 2912 927 2993; baseline 0.001 -22"><span class='ocrx_word' id='word_1_119' title='bbox 179 2912 304 2993; x_wconf 81' lang='lat' dir='ltr'>Fulgere</span> <span class='ocrx_word' id='word_1_120' title='bbox 314 2935 323 2989; x_wconf 84' lang='lat'>3</span> <span class='ocrx_word' id='word_1_121' title='bbox 343 2915 522 2973; x_wconf 84' lang='lat' dir='ltr'>transmissae</span> <span class='ocrx_word' id='word_1_122' title='bbox 541 2915 698 2993; x_wconf 87' lang='lat' dir='ltr'>pallescere</span> <span class='ocrx_word' id='word_1_123' title='bbox 718 2914 794 2973; x_wconf 88' lang='lat' dir='ltr'>lucis</span> <span class='ocrx_word' id='word_1_124' title='bbox 814 2914 927 2992; x_wconf 88' lang='lat' dir='ltr'>imago:</span> 
     </span>
    </p>

    <p class='ocr_par' dir='ltr' id='par_1_12' title="bbox 179 3025 1008 3222">
     <span class='ocr_line' id='line_1_21' title="bbox 179 3025 1008 3106; baseline -0.004 -20"><span class='ocrx_word' id='word_1_125' title='bbox 179 3025 293 3106; x_wconf 69' lang='lat' dir='ltr'>Nempe</span> <span class='ocrx_word' id='word_1_126' title='bbox 313 3027 403 3086; x_wconf 87' lang='lat' dir='ltr'>aliam</span> <span class='ocrx_word' id='word_1_127' title='bbox 423 3028 563 3086; x_wconf 87' lang='lat' dir='ltr'>interris</span> <span class='ocrx_word' id='word_1_128' title='bbox 584 3028 685 3087; x_wconf 88' lang='lat' dir='ltr'>credas</span> <span class='ocrx_word' id='word_1_129' title='bbox 705 3047 879 3105; x_wconf 87' lang='lat' dir='ltr'>consurgere</span> <span class='ocrx_word' id='word_1_130' title='bbox 898 3027 1008 3099; x_wconf 87' lang='lat' dir='ltr'>lunam,</span> 
     </span>
     <span class='ocr_line' id='line_1_22' title="bbox 181 3140 919 3222; baseline 0 -22"><span class='ocrx_word' id='word_1_131' title='bbox 181 3140 379 3222; x_wconf 87' lang='lat' dir='ltr'>Delapsasque</span> <span class='ocrx_word' id='word_1_132' title='bbox 398 3143 466 3221; x_wconf 84' lang='lat' dir='ltr'>polo</span> <span class='ocrx_word' id='word_1_133' title='bbox 486 3143 586 3202; x_wconf 85' lang='lat' dir='ltr'>stellas</span> <span class='ocrx_word' id='word_1_134' title='bbox 606 3148 697 3221; x_wconf 88' lang='lat' dir='ltr'>atque</span> <span class='ocrx_word' id='word_1_135' title='bbox 716 3142 808 3202; x_wconf 80' lang='lat' dir='ltr'>uvida</span> <span class='ocrx_word' id='word_1_136' title='bbox 828 3141 919 3220; x_wconf 87' lang='lat' dir='ltr'>signa.</span> 
     </span>
    </p>
   </div>
   <div class='ocr_carea' id='block_1_4' title="bbox 0 0 1269 4096">
    <p class='ocr_par' dir='ltr' id='par_1_13' title="bbox 0 0 1269 4096">
     <span class='ocr_line' id='line_1_23' title="bbox 0 0 1269 4096; baseline 0 0"><span class='ocrx_word' id='word_1_137' title='bbox 0 0 1269 4096; x_wconf 95' lang='lat' dir='ltr'> </span> 
     </span>
    </p>
   </div>
  </div>
 </body>
</html>
