2514 4096
368 352 627 413 ARUNDINES
651 353 768 415 OAMJ.
987 356 1044 413 359

789 481 1041 489 ffl—

354 690 395 754 aa
414 690 616 756 nauatam
636 692 771 758 iactitat.

215 861 241 920 Ο
262 880 451 923 Marrucinum
471 864 518 922 Tu
537 865 669 924 fidelium
689 866 775 938 salus,

254 961 388 1032 Quocum
408 963 591 1022 reviviscunt
612 963 677 1036 Tui,

214 1059 378 1136 Utcunque
398 1079 504 1137 caespes
524 1060 648 1138 frigidus
668 1061 803 1120 lasciviat

255 1157 351 1236 Super
371 1159 563 1236 sepulcralem
584 1159 720 1234 domum3

213 1313 285 1371 Non
305 1314 432 1392 amplius
452 1315 577 1373 mortale
597 1335 768 1391 prensamus
788 1317 904 1393 lutum3

253 1413 326 1470 Non
346 1413 487 1472 haesitans
508 1414 591 1490 angit
611 1419 709 1470 metus
716 1433 725 1486 3

213 1510 324 1569 Tecum
343 1531 397 1587 per
418 1512 537 1570 umbras
558 1511 667 1568 ibimus
686 1511 869 1587 nigerrimas,

255 1607 411 1686 Quamque
432 1608 502 1686 lpse
523 1608 642 1666 calcasti
662 1609 754 1668 viam.

213 1765 300 1824 Heu!
323 1784 397 1843 quos
418 1766 561 1837 amabam,
583 1765 637 1822 vix
657 1765 715 1823 tuli
734 1764 909 1844 relinquere,

253 1863 339 1921 Circa
359 1869 460 1922 torum
478 1860 593 1920 stantes
613 1881 722 1931 meum,

213 1961 356 2021 Frontem
375 1961 533 2038 irrigantes
553 1961 667 2018 aridam
687 1960 761 2018 fletu
780 1961 838 2039 pio,

254 2060 351 2138 Oaput
370 2060 503 2118 levantes
524 2059 659 2118 brachiis.

211 2226 412 2303 Veitigincsis
433 2246 485 2284 ora
505 2246 573 2284 eum
593 2226 739 2285 sodalium

253 2325 377 2383 Frustra
396 2325 536 2401 petissem
556 2324 686 2400 pupulis,

211 2423 294 2481 Novi
314 2443 447 2481 severam
467 2423 571 2480 mortis
592 2429 732 2499 expertus
752 2439 884 2490 manum,
905 2425 936 2478 et

253 2521 301 2580 Ut
320 2521 461 2594 viverem,
483 2520 547 2578 sudi
567 2539 674 2598 preces.

213 2674 288 2745 Quis
308 2694 368 2732 non
388 2674 494 2732 inarsit
515 2673 619 2730 horror
639 2672 672 2729 in
692 2670 868 2748 praecordiis,

254 2771 379 2843 Quando
399 2771 559 2829 imminens
579 2770 656 2828 lecto
677 2767 769 2826 Satan

209 2870 371 2929 Recensuit
392 2877 566 2946 consumpta
586 2888 676 2946 prave
696 2874 839 2946 tempora,

253 2969 295 3027 Et
314 2968 421 3027 leviter
441 2969 547 3026 effusos
567 2969 644 3026 dies!

213 3126 272 3185 Sed
291 3126 376 3184 dulce
398 3124 534 3182 Christus
555 3122 673 3181 adstitit
693 3122 839 3196 solatium,

254 3225 292 3281 In
312 3223 366 3281 lite
387 3222 507 3299 capitali
527 3241 609 3294 mea;

215 3320 383 3396 Oaliginoso
404 3318 481 3376 sicut
502 3318 535 3375 in
556 3317 604 3374 die
619 3317 718 3393 jubar,

253 3417 373 3476 Animae
393 3435 530 3474 serenans
549 3415 660 3474 nubila
