2514 4096
364 348 626 410 ABUNDINES
651 347 763 410 OAMJ.

438 683 565 762 dromus
584 683 699 746 fictum.

173 854 350 913 Parscoauu
370 854 555 911 immemores
576 872 637 911 esse
657 853 811 923 sodalium,

174 952 278 1029 Lapsis
298 973 336 1010 ex
356 953 456 1010 animo
477 972 550 1029 quos
570 951 779 1026 adamavimus,

174 1051 343 1108 Priscorum
363 1050 549 1108 immemores
570 1068 631 1107 esse
652 1049 810 1130 sodalium,¹
827 1058 857 1109 et

255 1145 329 1204 Acti
349 1147 585 1223 temporis-hoc
606 1147 711 1206 decetl

176 1320 259 1388 Acti,
280 1340 346 1378 care
367 1340 471 1392 comes,
492 1320 633 1396 temporis
654 1321 692 1378 ob
713 1321 783 1391 dies,

176 1418 259 1485 Acti,
279 1418 336 1475 fide
357 1437 460 1489 comes,
482 1417 624 1493 temporis
645 1416 773 1489 obdias,

177 1515 350 1591 Spumantis
370 1520 504 1591 pateram
525 1512 658 1570 combibe
679 1512 806 1586 Caecubi,

259 1611 334 1669 Acti
353 1611 495 1688 temporis
515 1610 552 1667 ob
574 1610 642 1668 dies.
715 1613 717 1618 ’

180 1788 282 1846 Flores
301 1788 334 1845 in
354 1786 478 1845 calathis
498 1805 551 1842 nos
571 1786 793 1844 amaranthinos

179 1886 251 1944 Una
271 1904 323 1962 per
339 1884 413 1961 juga
432 1889 506 1961 quot
527 1882 612 1940 devia
632 1882 776 1958 legimus!

179 1983 238 2041 Sed
257 1983 347 2040 lassos
367 2000 488 2059 peregre
508 1980 657 2037 traximus
676 1978 755 2037 heu!
778 1978 873 2055 pedes,

260 2078 361 2136 Annis
382 2098 421 2136 ex
440 2078 613 2154 puerilibus.

183 2247 264 2317 Quin
285 2246 376 2303 solem
396 2244 435 2302 ad
454 2245 586 2302 medium
607 2244 740 2321 margine
761 2245 891 2302 fontium

183 2345 328 2403 Certatim
348 2345 382 2401 in
401 2343 496 2401 vitreo
516 2343 638 2401 flumine
658 2342 803 2401 lusimus:

183 2443 245 2500 Ast
264 2425 344 2500 inter
363 2441 487 2498 fremuit
506 2460 560 2497 nos
579 2440 717 2517 patulum
737 2460 828 2512 mare,

265 2539 366 2597 Annis
386 2559 424 2597 ex
443 2538 615 2615 puerilibus.

183 2708 376 2785 Amplexum
402 2725 498 2765 comes
519 2725 537 2764 o
557 2706 622 2778 fide,
644 2707 827 2764 morabimur

186 2808 437 2866 Dulcem—labra
456 2806 547 2864 labris
568 2813 598 2864 et
619 2807 758 2865 manibus
779 2808 921 2865 manuml

183 2905 376 2982 Depromptae
396 2904 463 2981 quis
484 2905 541 2962 erit
558 2904 622 2980 jam
643 2889 748 2962 modus
767 2904 923 2981 amphorae,

267 3003 343 3061 Acti
362 3002 503 3079 temporis
524 3001 561 3058 ob
582 3001 677 3059 diesl'

188 3177 333 3237 Potentes
353 3177 453 3254 cyathi
474 3176 589 3250 foedere,
611 3181 751 3235 mutuum

189 3278 345 3337 Sumemus
366 3278 560 3355 dabimusque
579 3278 722 3354 impavidi
742 3296 877 3350 merum;

190 3375 410 3453 Oingemurque
430 3374 480 3451 pia
499 3379 634 3450 tempora
653 3374 802 3451 pampino,

206 3524 211 3530 .
270 3474 345 3533 Acti
364 3474 505 3551 temporis
525 3473 563 3530 ob
583 3472 652 3531 dies.

1002 340 1083 406 99'
