2514 4096
327 423 334 436 ,
406 365 664 426 Asusamus
688 365 800 428 cunr.
965 441 970 452 ,
1020 370 1079 429 aaa

520 595 690 676 itutuptagt

248 725 301 784 Ur
319 725 410 783 lentis
425 724 516 802 juvat
534 725 689 784 imminere
709 727 829 803 somnis,

250 822 291 881 Et
310 823 398 899 proni
418 824 548 881 sonitum
568 829 670 883 tenere
690 825 757 898 rivi,

251 920 335 978 Dum
353 926 487 979 marcent
507 921 593 994 oculi,
615 922 736 999 diesque
756 921 839 981 fessis

251 1017 456 1076 Intermortua
475 1018 623 1096 palpebris
643 1018 775 1078 hebescit
784 1039 795 1094 3

251 1116 349 1193 Inque
370 1116 480 1174 oblivia
500 1121 585 1193 grata
605 1117 780 1191 diffluentes,

250 1212 396 1282 Vixdum,
417 1233 471 1272 ceu
486 1214 579 1291 jubar
598 1234 730 1288 aureum,
752 1214 872 1288 morari,

254 1309 342 1380 Quod
361 1311 484 1368 summis
503 1330 658 1370 nemorum
678 1313 768 1370 comis
788 1312 940 1372 adhaerens

253 1407 341 1485 Sistit
360 1407 534 1486 languidulo
554 1409 652 1468 nitore
671 1410 808 1467 noctem!
899 1392 907 1404 ⁸

190 1506 191 1509 ’
252 1505 385 1563 Haurire
405 1511 440 1562 ut
461 1506 604 1564 comitum
623 1505 704 1564 leves
724 1525 859 1564 susurros
868 1526 878 1581 3

254 1603 353 1661 Leton
373 1623 500 1682 carpere,
521 1605 655 1682 prandiis
673 1624 800 1664 vacare:

254 1701 303 1760 Ut
322 1702 430 1761 fluctus
450 1703 540 1761 maris
559 1695 824 1774 interosculantes'

234 1875 236 1880 Ι
254 1799 402 1877 Spectans,
424 1807 454 1859 et
474 1807 592 1860 teneros
612 1802 719 1859 cientis
739 1803 826 1860 orbes

253 1898 372 1976 Spumae
392 1901 530 1958 lacteolus
551 1902 635 1979 sequi
654 1903 788 1960 meatus!

217 2033 221 2040 -
253 1995 314 2056 His
333 2017 388 2055 nec
408 1999 555 2056 moestitiae
575 1999 693 2076 placens
713 2000 810 2076 imago

254 2094 382 2155 Dulcem
402 2096 518 2154 desinat
538 2097 690 2173 implicare
710 2098 853 2169 fraudem,

253 2194 326 2265 Quae
346 2215 400 2252 nos
421 2196 561 2271 surripiat
581 2203 720 2272 proterva
739 2196 831 2254 nobis.

223 2291 227 2296 ’
257 2293 305 2350 sic
325 2292 368 2350 fas
388 2294 429 2351 sit
449 2295 512 2352 sine
533 2293 592 2352 fine
613 2295 758 2353 somniare
767 2314 777 2366 ,¹

254 2390 303 2448 Sic
323 2391 356 2448 in
376 2392 497 2450 condita
518 2398 686 2468 temporum
706 2393 819 2451 relabi:

254 2488 336 2546 Dum
356 2489 426 2546 visae
446 2496 560 2548 veteres
581 2492 697 2548 subesse
717 2491 827 2563 formae,

256 2587 337 2656 Quas
358 2588 487 2645 infantia
506 2589 631 2661 noverit,
654 2589 811 2661 Penatum,

254 2687 296 2744 Et
316 2693 406 2745 suetae
426 2688 536 2764 species
557 2693 588 2744 et
608 2707 660 2745 ora
679 2694 823 2759 nostrum,

256 2786 328 2855 Quae
349 2805 445 2863 cespes
465 2787 582 2863 premit,
606 2792 636 2844 et
656 2787 790 2844 recondit
809 2805 885 2844 urna

257 2890 372 2949 Selibra
392 2891 498 2948 cineris
519 2896 619 2948 coacta
640 2891 712 2947 cani.

483 3093 732 3102 ——————

489 3232 536 3295 aa
556 3233 729 3303 structura

173 3347 290 3435 Quinum
310 3363 414 3436 forum,
437 3367 473 3421 tu
492 3383 590 3440 quaere
610 3364 716 3432 forum,
739 3364 929 3441 confectaque
950 3366 1055 3442 prunis

214 3462 290 3520 Liba
310 3481 396 3537 emc;
415 3481 462 3520 res
481 3461 545 3519 illic
565 3467 652 3535 acta3
673 3479 791 3519 recurre
812 3461 941 3520 domum.

932 3577 958 3620 r.
975 3577 1006 3620 Η.
