2514 4096
1072 271 1077 314 1

374 337 628 397 lacrumas
654 337 770 399 orm.
1009 340 1047 400 tr
1072 319 1074 431 1

178 661 276 719 Nocte
296 659 351 717 sub
372 658 494 731 incerta,
517 658 621 735 procul
642 657 703 715 ima
723 657 756 715 in
775 657 854 717 vallo
873 657 988 717 sedenti

179 757 331 827 Panthera
350 757 511 834 impulerat
532 755 628 813 surdis
649 755 813 833 mugitibus
833 775 942 814 aurern
1071 726 1074 793 1

177 853 247 913 Non
267 853 319 926 ibi,
340 873 401 911 non
421 853 540 925 iterum,
564 873 629 911 mea
649 873 703 930 per
722 853 825 929 pineta
844 871 967 929 vapores

178 952 295 1011 Radere
315 953 373 1010 iter
392 951 529 1028 rapidum
550 951 648 1026 prima
668 951 723 1008 sub
743 951 810 1009 luce
829 949 950 1010 videbo:

178 1048 243 1107 Nec
263 1049 405 1106 tremulas
425 1048 506 1105 inter
526 1047 626 1105 stellas
648 1046 808 1124 laticesque
829 1066 948 1104 sonoros

177 1146 331 1223 Argentea
350 1151 456 1203 tenues
475 1145 574 1221 tinget
589 1145 651 1202 fase
673 1143 804 1222 Cynthia
823 1144 923 1202 nubes.

217 1524 236 1553 ‘⁴
245 1519 427 1592 Extremam,
468 1519 614 1597 genetrix,
655 1538 734 1577 mors
774 1518 904 1591 advenit,
947 1499 1045 1593 accipe

277 1636 387 1675 vocem.

176 1712 234 1771 Illa
254 1712 329 1770 mihi
348 1712 382 1770 in
402 1711 499 1771 dumis
519 1712 649 1770 Infanda
668 1713 820 1771 arentibus
841 1713 919 1785 olim,

175 1807 335 1886 Fragmina
354 1810 403 1867 vel
423 1809 577 1887 scopulum
598 1810 660 1867 sive
679 1811 760 1868 inter
780 1809 870 1867 ovilia
889 1809 1004 1867 dudum

176 1905 312 1979 Deserta,
333 1915 476 1979 occurrat,
497 1927 563 1984 quas
585 1908 640 1965 Dis
661 1908 741 1985 apud
760 1908 837 1966 atria
857 1907 940 1967 Pelei

174 2002 285 2061 Invitis
305 2004 407 2082 epulas
426 2005 537 2081 injecto
558 2005 678 2063 miscuit
698 2024 781 2078 auro,

176 2099 301 2177 Easque
320 2101 396 2158 mihi
416 2101 487 2160 fecit
506 2102 657 2161 lacrimas:
678 2103 721 2160 sic
741 2102 833 2179 impia
854 2102 974 2162 demum

175 2197 299 2270 Audiat,
323 2203 353 2256 et
373 2198 458 2255 nobis
479 2204 509 2255 et
530 2197 586 2256 Dis
606 2198 703 2256 invisa
723 2180 874 2276 supremis.

216 2581 234 2615 ‘⁴
243 2576 427 2650 Extremam,
468 2578 615 2655 genetrix,
657 2596 737 2637 mors
776 2578 906 2653 advenit,
947 2579 1045 2658 accipe

274 2695 383 2734 vocem.

176 2771 286 2830 Nonne
306 2771 382 2828 mihi
403 2771 501 2843 toties,
522 2771 578 2830 hac
598 2773 717 2850 ipsein
736 2774 815 2832 valle
836 2774 955 2833 sedenti*

175 2868 227 2926 Ad
239 2868 375 2946 lapidem,
390 2888 501 2947 perque
515 2870 591 2928 hanc
610 2870 754 2944 dextram,
771 2872 887 2948 juravit
906 2891 1043 2943 amorem,

176 2965 343 3042 Osculaque
363 2973 394 3024 et
413 2966 473 3023 fido
493 2966 620 3024 lacrimae
641 2987 766 3026 sanxere
785 2970 900 3047 sigillo?
1067 2946 1070 3037 1

174 3061 248 3121 Heu
267 3062 368 3140 quales
388 3061 484 3121 recolo
504 3063 611 3122 amissa
632 3063 787 3124 dulcedine
806 3068 908 3126 fletus!
1066 3040 1069 3218 1

174 3158 286 3219 Felices
306 3161 378 3236 agri,
398 3179 518 3237 vosque,
539 3180 557 3218 o
578 3162 676 3220 felicia
696 3168 789 3221 testor
830 3154 833 3161 ¹

174 3256 285 3331 Sidera,
307 3277 355 3316 me
374 3257 503 3316 nimium
523 3264 554 3317 et
575 3279 666 3318 vanas
685 3281 820 3340 perpessa
840 3264 988 3341 querelas!
1066 3224 1069 3385 1

173 3355 257 3413 Mors
277 3354 371 3414 cheul
392 3375 471 3414 mors
490 3357 607 3416 assidua
626 3359 801 3418 mortalibus
820 3363 926 3419 umbra
1066 3388 1068 3423 ι

174 3451 357 3513 Involitans!
379 3453 452 3513 satis
473 3461 519 3514 cst
538 3456 679 3515 miserum
698 3458 758 3516 tibi
778 3457 862 3535 copia
880 3458 1001 3536 praedae5
1065 3434 1068 3511 1

1064 3526 1068 3659 1
