2514 4096
404 335 662 397 ARUNDINES
685 335 807 397 OAMJ.
1019 341 1076 400 163

518 701 684 769 assusat-

171 860 365 944 ‘Aflyquoties
384 860 542 919 facio-sic
562 880 627 938 spes
643 856 732 937 jubet
751 856 950 919 irrita—vota

205 970 290 1028 Ante
309 974 511 1029 renascentem
530 988 592 1025 non
612 968 676 1026 sine
695 966 785 1024 thure
806 965 905 1024 diem!

169 1065 218 1125 Ah
238 1066 354 1145 quoties
373 1086 488 1137 caesum,
510 1065 641 1124 tenebris
660 1064 769 1133 velata,
790 1064 935 1122 maritum

206 1163 238 1220 A
259 1163 371 1241 Stygiis
390 1169 491 1242 repeto
511 1168 598 1220 nocte
618 1181 736 1220 reversa
756 1161 853 1220 Deis!

168 1259 230 1320 Vos
249 1262 361 1321 iterum
380 1263 507 1333 veniam,
529 1260 656 1319 caelestia
676 1260 807 1333 numina,
830 1278 936 1337 posco:

206 1358 337 1437 Jupiter,
359 1359 440 1418 huno
460 1358 562 1431 oculis,
585 1357 734 1431 Maxime,
756 1357 847 1415 redde
867 1357 941 1414 meis
954 1354 977 1415 !’

170 1504 215 1564 sic
235 1507 288 1576 ait,
309 1511 348 1578 et,
369 1505 513 1563 suadente
533 1504 622 1562 fidem
643 1523 703 1581 quo
722 1502 830 1581 flagrat
849 1522 956 1576 amore,

206 1609 229 1667 J
230 1629 279 1668 am
298 1609 430 1686 duplices
450 1608 577 1686 supplex
596 1608 696 1665 tendit
716 1607 755 1665 ad
774 1612 855 1664 astra
874 1627 980 1665 manus
990 1626 1000 1681 ‚·

170 1707 277 1778 Quum,
296 1707 393 1767 veluti
412 1707 522 1764 nubem
543 1705 698 1763 diffindens
718 1703 833 1762 lumine
853 1705 992 1778 Phoebus,

206 1806 356 1865 Panditur
374 1804 421 1863 illi
441 1804 551 1877 oculus,
572 1803 654 1871 frons
674 1802 790 1861 radiata
809 1804 896 1863 nitet.

169 1902 215 1963 Ut
235 1905 364 1962 micuere
384 1904 480 1962 sinus!
500 1903 617 1960 incessu
637 1901 778 1979 grandior
797 1906 893 1974 aucto,

208 2002 379 2081 Composita
398 2007 544 2079 expectat,
565 1999 637 2078 quid
658 2000 715 2057 sibi
735 1999 797 2058 fata
816 2003 930 2076 parent

170 2150 333 2230 Excipiunt
353 2156 480 2228 quantos
500 2169 538 2208 en
557 2147 666 2224 gaudia
685 2153 798 2226 quanta
818 2147 958 2206 timores!

208 2249 360 2320 Quidnam
381 2249 474 2308 oculis
493 2247 622 2306 lustratl
644 2265 734 2326 quem
753 2247 838 2306 videt
857 2266 936 2305 uxor
955 2246 1078 2305 amans?

170 2344 227 2405 Ille
246 2346 295 2404 vir
316 2346 409 2404 Iliaca
428 2346 519 2404 rediit
538 2347 626 2405 modo
646 2364 736 2404 caesus
756 2364 854 2417 arena,

209 2443 348 2520 Corporis
368 2449 399 2501 et
418 2444 483 2502 vivi
502 2445 646 2522 pristinus
665 2443 717 2501 ille
737 2442 843 2519 vigor?

169 2539 222 2599 An
241 2540 433 2599 fallax'ludit
453 2543 584 2619 speciest
604 2561 666 2601 non
685 2538 938 2617 fallitur-ipsum

208 2637 303 2697 Ducit
322 2638 513 2699 Atlantiades
533 2641 626 2718 aliger
646 2659 712 2698 ecoe
732 2639 822 2698 deus!

172 2780 216 2840 Ut
235 2781 338 2859 tetigit
358 2781 442 2860 virga
462 2783 597 2860 quemvis
617 2783 738 2842 sedante
757 2801 907 2860 pavorem,

210 2877 259 2938 Sic
279 2878 402 2937 blandos
423 2878 551 2938 Hermes
572 2881 665 2939 edidit
686 2900 736 2939 ore
756 2900 861 2939 sonos:

172 2974 243 3047 ‘Vir
262 2982 333 3034 tuus
353 2978 488 3036 aethereis
508 2978 614 3037 dextro
634 2978 712 3036 Jove
731 2979 862 3037 rescitur
881 2974 979 3050 auris3

209 3073 278 3132 Hoc
299 3074 388 3133 datur
407 3081 541 3153 acceptae,
563 3076 733 3150 Laodamia,
754 3076 842 3153 preci.

174 3170 246 3230 Huc
263 3173 345 3233 redit
364 3178 401 3232 ut
419 3178 519 3232 tecum
539 3175 630 3233 socias
650 3180 711 3232 tres
731 3173 878 3250 compleat
897 3171 984 3231 horas
992 3191 1003 3247 3

209 3270 258 3330 En
278 3290 376 3331 eoram
397 3274 648 3352 spectas—aoeipe
668 3273 882 3333 dona—virum
894 3269 913 3330 1’

926 3391 996 3435 Rs·
