2514 4096
420 354 680 416 ARUNDINES
704 353 817 416 OAMI.
1038 355 1097 414 313

479 556 558 636 atra
578 564 606 620 rt
625 556 749 624 &tutta

220 687 357 748 anm
376 689 430 746 hes
449 687 475 751 si
495 688 562 765 quis
583 687 713 761 comites,
735 688 888 748 innectere
909 689 1005 746 solum

260 787 395 846 Dixisset
414 805 515 845 vacuae
536 787 631 845 foedus
651 787 811 847 amicitiae:

219 885 341 943 Asterie
360 885 442 943 facili
462 885 580 964 ridebat
601 884 729 942 amabile
749 886 848 955 vultu,

260 983 413 1061 Explicita
432 983 523 1042 comis
544 983 643 1040 fronte
662 982 799 1059 placebat
818 983 907 1059 Atys

221 1081 255 1139 Si
275 1088 379 1139 tamen
397 1082 521 1140 alterius
542 1100 645 1139 secura
664 1100 774 1138 nomen
793 1081 827 1138 in
846 1081 921 1138 hora

259 1178 396 1250 Audivit,
417 1185 512 1251 notos,
534 1178 587 1235 illa
606 1177 735 1250 velille,
758 1197 852 1252 sonos,

218 1275 342 1334 Prodita
357 1277 422 1352 jam
442 1276 541 1333 subito
562 1275 754 1352 trepidabant
774 1277 865 1334 corda
885 1277 1021 1334 tumultu
1027 1297 1037 1353 3

261 1373 322 1452 (Sic
343 1375 406 1432 avis
426 1373 577 1431 immerito
598 1391 714 1431 carcere
734 1380 821 1451 capta
841 1379 931 1451 pavet
939 1374 958 1452 z)

218 1469 261 1529 Et
280 1469 351 1528 licet
371 1469 496 1528 assuetis
516 1469 639 1546 frigeret
659 1470 785 1545 epistola
805 1471 914 1544 verbis,

260 1568 403 1626 Foedabat
423 1567 542 1624 madida
562 1567 694 1643 plurima
713 1573 800 1643 gutta
819 1574 899 1625 nota

218 1665 286 1722 Illis
306 1672 409 1724 tantus
428 1684 527 1723 amor:
548 1683 645 1740 neque
665 1684 774 1741 paucas
793 1666 882 1723 irrita
900 1666 934 1723 in
953 1665 1049 1737 horas,

259 1762 319 1820 sed
337 1763 460 1840 longum
479 1763 577 1838 viguit
597 1768 703 1820 mutua
721 1763 843 1822 flamma
863 1764 949 1821 diem.

218 1861 318 1918 Eheu!
346 1861 426 1936 quod
446 1879 543 1935 neque
564 1859 816 1936 virgineum—sic
837 1860 1090 1937 fata-pudorem,

258 1958 324 2016 Nec
340 1958 461 2034 juvenis
481 1957 593 2014 fastum
613 1957 732 2015 vincere
747 1959 835 2017 ¹norit
856 1961 954 2016 amor!

218 2055 319 2115 Eheu!
347 2055 427 2131 quod
447 2056 568 2113 miseros
588 2055 663 2112 laetae
683 2056 722 2113 ad
734 2056 869 2123 ,confinia
889 2057 960 2113 vitae

259 2154 384 2230 Injustae
404 2154 532 2210 nimium
552 2153 708 2210 detinuere
728 2156 833 2212 morae!

219 2251 428 2320 Quod-tamen
448 2259 479 2309 et
498 2250 616 2328 nequiit
637 2250 779 2307 Fortunae
799 2250 935 2309 evolvere
955 2271 1046 2324 casus,

258 2349 300 2406 Et
319 2369 453 2426 pressum
472 2348 580 2406 timido
599 2348 676 2405 fovit
696 2355 821 2424 uterque
841 2349 918 2420 sinu,

218 2447 321 2504 Fortia
336 2447 401 2523 jam
421 2447 518 2504 celent
538 2446 593 2503 sub
613 2447 719 2522 iniquo
739 2454 859 2522 pectora
879 2447 949 2520 sata,

257 2543 323 2601 Nec
341 2551 452 2601 reseret
472 2561 554 2599 serus
575 2541 695 2599 condita
716 2542 804 2600 corda
824 2543 915 2600 dolor.

979 2666 1004 2706 L.

461 2904 756 2970 ΣΙΔΗΡΟΤΟΜΟΣ.

175 3032 262 3094 ’AAA’
282 3032 480 3116 ἀγανακτήσας
499 3032 562 3114 τάχ’
583 3031 666 3094 ἔπειτ’
687 3036 829 3112 ε’πανῶρπο
848 3032 1024 3113 Πάτροκλος,

173 3134 218 3211 βῆ
238 3133 268 3192 δὲ
289 3134 369 3210 θέειν,
391 3132 484 3195 νώτων
502 3131 527 3193 π’
548 3131 699 3210 ἀποπηδῶν
719 3131 882 3211 ὀκριοέντων

175 3231 358 3310 καρπαλίμως
378 3231 499 3311 σχοίνων
518 3229 641 3308 πρασιάς
661 3234 779 3291 εἰσάλτο
801 3232 922 3310 θαμείας.

174 3329 258 3411 ἔγχος
278 3328 300 3388 δ’
321 3328 448 3408 ἀρπάξας
468 3327 616 3407 σπιβαράν,
638 3328 702 3407 περὶ
722 3327 746 3388 δ’
767 3331 794 3389 οἱ
814 3334 978 3410 κεφαλῆφιν

174 3428 291 3505 δινήσας
310 3427 383 3507 μεπά
404 3426 467 3503 ἰνάς,
489 3425 667 3505 ἀποπροέηκε
686 3426 829 3499 πέτεσθαι.
1051 3505 1054 3509 .

174 3525 253 3587 ἀλλά
271 3526 331 3610 τόγ’
350 3525 514 3605 ἀσπραπτόν
533 3527 677 3604 λαμπραῖς
696 3523 812 3607 αὖηαῖσι
832 3525 962 3605 σελήνης,
