2514 4096
601 817 798 904 steritem.

631 1035 633 1039 ·
646 1029 748 1058 -o—

283 1189 322 1248 In
336 1189 431 1249 altere
445 1189 575 1249 editione
592 1210 686 1269 peuce
704 1189 847 1268 quaedam,
868 1187 954 1265 quasi
974 1185 1101 1244 emerite
1122 1203 1188 1242 ear-

224 1295 315 1368 mina,
328 1295 393 1372 jem
409 1295 485 1353 rude
504 1295 632 1353 donavi:
654 1315 781 1372 quorum
801 1296 834 1353 in
854 1295 952 1352 locum
972 1292 1098 1350 suffecta
1119 1292 1183 1350 alia

218 1400 314 1458 multe
327 1400 456 1477 denique
470 1400 633 1468 emendata,
647 1400 780 1458 inveniet
793 1401 886 1459 leetor
899 1401 1038 1458 curiosus.

280 1507 398 1566 Vereor
424 1527 462 1565 ne
485 1526 592 1583 perum
616 1513 719 1583 gratus
741 1507 830 1565 fuisse
855 1508 965 1579 videar,
992 1507 1046 1585 qui
1074 1506 1188 1566 Jacobi

220 1614 373 1690 Hildyard
387 1620 418 1670 et
432 1612 531 1670 Caroli
548 1611 695 1670 Merivele
711 1613 832 1670 nomina
848 1614 881 1669 in
901 1613 1188 1671 commemoratione

219 1720 393 1795 adjutorum
421 1724 491 1775 ente
518 1718 764 1793 praetermiserim
807 1717 868 1774 Pro
892 1724 1020 1794 utroque
1044 1718 1119 1776 satis
1143 1717 1188 1775 lo-

220 1829 357 1901 quuntur
371 1843 436 1900 quae
451 1822 663 1882 contulerunt:
679 1824 730 1882 sed
744 1823 820 1882 aiter
833 1824 941 1881 horum
955 1823 1054 1880 denuo
1065 1824 1188 1900 eopiosa

221 1928 350 1986 adduxit
364 1927 502 2000 subsidia,
519 1927 654 2005 stiloque‚
669 1934 705 1985 ut
719 1928 801 2000 solet,
816 1946 887 1985 usus
901 1932 946 1985 est
960 1927 1142 1986 felicissimo.

283 2033 354 2092 Non
378 2035 434 2092 teli
458 2040 525 2111 eget
546 2035 661 2093 anxilio
684 2032 835 2092 Francisoi
858 2033 1047 2110 Wrenghem
1074 2033 1190 2092 flebilis

221 2140 384 2198 memoria:
406 2140 487 2217 quod
501 2140 527 2196 si
540 2139 629 2196 fidem
644 2140 707 2217 ejus
723 2159 757 2196 ae
777 2138 1015 2196 benevolentiam
1035 2138 1190 2197 bonorum

221 2245 357 2302 omnium
385 2263 543 2301 consensus
554 2264 563 2317 3
592 2244 619 2300 si
641 2262 734 2319 genus
758 2249 789 2300 et
813 2244 907 2300 vitam
930 2262 1064 2300 marmor
1087 2245 1191 2321 sepul-

222 2350 300 2406 crale
314 2349 493 2420 testabitur3
513 2349 621 2404 amoris
634 2355 736 2403 tamen
751 2355 781 2403 et
795 2349 964 2426 studiique
974 2349 1081 2407 Musas
1092 2352 1192 2409 etiam

222 2455 256 2512 in
270 2458 422 2512 senectute
436 2452 608 2528 complexus
621 2457 674 2525 est,
688 2452 795 2530 exiguo
806 2454 845 2511 sit
855 2454 973 2532 pignori
982 2454 1038 2512 hoe
1046 2462 1193 2514 nostrum

223 2534 419 2636 opusculum:

322 2703 407 2751 Εἰσέτι
423 2703 473 2763 γὰρ
490 2702 566 2749 πνείει
582 2702 615 2751 τὰ
632 2702 665 2751 σὰ
681 2703 769 2764 χείλεα
785 2705 825 2752 καὶ
842 2704 870 2752 τὸ
888 2704 931 2752 σὸν
948 2701 1039 2762 ἆσθμα·

321 2783 390 2845 Ἀχὼ
407 2783 426 2832 δ’
443 2784 488 2832 ΕΝ
506 2783 705 2832 ΔΟΝΑΚΕΣΣΙ
721 2786 778 2834 τέας
794 2781 928 2848 emptore?
946 2787 1035 2835 ἀοιδάς.

852 2868 957 2918 Mosen.
973 2869 1014 2918 Id.
1029 2868 1060 2933 γ’.
1076 2884 1117 2932 55.

224 3135 295 3185 nn.
309 3133 369 3182 nn.
382 3129 457 3192 narr,
471 3115 719 3181 noroexnn.
