2514 4096
485 355 740 424 lacrumas
765 333 881 431 civi.
1104 369 1160 428 109

559 633 681 708 {testea
700 632 809 711 virga

205 765 278 823 Vir.
349 765 471 825 Pesroa
492 767 605 823 erranti
622 765 697 822 mihi
720 771 841 841 propter
862 785 980 824 amnem

347 863 461 921 Obvius
482 863 566 920 venit
588 882 678 933 meus,
702 863 894 939 ambiensque
1005 917 1009 922 .

347 962 484 1020 Suaviter
504 961 591 1037 palla,
618 959 725 1031 ‘Mihi‚’
750 960 836 1031 dixit,
864 964 936 1016 ‘una
957 980 995 1033 eu,

446 1058 554 1134 Phylli,
576 1057 729 1134 voluptaa'

203 1176 307 1233 ΑΜΒο,
342 1172 410 1231 Duc
432 1174 470 1231 ad
492 1173 616 1231 acclives
639 1172 778 1244 tumuloa
802 1173 919 1247 genista

345 1273 412 1330 Duc
435 1273 488 1330 ubi
509 1271 649 1329 frondent
667 1271 748 1346 juga,
772 1271 946 1347 rivulueque

345 1369 496 1444 Volvitur,
518 1377 628 1428 matres
649 1372 752 1447 gregia,
777 1391 794 1429 ο
816 1391 950 1429 meorum

446 1468 530 1526 Finis
552 1471 701 1527 amorum!

203 1581 273 1640 Pas„
342 1581 396 1638 An
419 1581 492 1639 libet
514 1581 586 1639 ferri
607 1581 663 1638 tibi
686 1587 806 1658 propter
827 1602 953 1654 amnem,

345 1678 471 1736 Cernere
493 1685 523 1736 et
540 1679 648 1736 fluctus
670 1684 706 1735 ut
729 1685 798 1736 eant
817 1680 925 1736 amoeni

343 1775 452 1834 Subter
474 1777 625 1833 umbrosas
647 1776 768 1851 corylos,
790 1796 844 1833 nec
866 1778 977 1835 abdant

363 1885 367 1890 ’
444 1872 558 1929 Nubila
580 1873 699 1931 lunaml

266 2032 273 2046 .
342 1987 415 2044 Non
434 1994 498 2045 erat
519 1988 622 2064 primis
642 1988 717 2045 mihi
737 2008 800 2045 mos
822 1989 859 2046 ab
882 1990 968 2047 annis

343 2086 486 2163 Prosequi
506 2087 597 2158 lusuS,
622 2106 703 2162 puer,
727 2087 860 2143 inficetcs
870 2108 880 2160 ;

341 2183 413 2242 Non
435 2185 526 2261 queri,
552 2204 641 2261 quam
664 2184 760 2260 longa,
785 2184 870 2256 diem,
895 2204 1103 2261 necunquam

443 2281 564 2339 Cernier
585 2281 650 2338 ulli.

263 2443 269 2456 .
345 2397 469 2474 Oouque,
493 2402 524 2454 et
547 2397 631 2454 vittae
654 2396 719 2467 tibi,
745 2415 875 2473 quasque
899 2401 1018 2474 tergum

342 2495 404 2552 Det
421 2496 617 2571 juvencorum
641 2494 724 2552 soleae
747 2494 921 2566 ambulanti,

342 2592 404 2651 Dos
428 2599 523 2666 erunt,
549 2593 659 2650 nostris
683 2599 713 2650 et
736 2612 810 2650 onus
832 2592 950 2652 lacertis

441 2688 537 2747 Dulce
560 2689 698 2766 quiesces„

287 2875 290 2879 ἴ
343 2805 467 2862 Haereas
489 2804 553 2861 istis
574 2804 661 2860 modo
683 2803 742 2861 rite
764 2805 860 2873 dictis,

341 2903 416 2961 Tum
442 2904 536 2960 libens
558 2909 664 2975 tecum,
687 2904 763 2960 bone
787 2909 894 2979 pastor,
918 2905 968 2963 ibo
977 2926 988 2980 ,·
1026 2896 1029 2906 ¹

340 3001 466 3059 Palliuru
493 3001 618 3058 obducas
638 3000 720 3072 milri,
745 3020 851 3077 meque
872 3002 951 3077 <lices

439 3099 529 3158 Unus
551 3105 687 3156 amatam.

341 3212 424 3271 Dum
445 3219 549 3291 patens
571 3232 671 3270 amnes
694 3213 846 3289 trepidant
869 3213 902 3270 in
924 3233 1032 3290 aequor,

339 3312 433 3371 Lucet
456 3319 487 3370 et
509 3312 638 3370 Phoebus
659 3331 748 3387 super
771 3331 838 3369 arce
860 3311 932 3383 caeli,

339 3409 390 3480 Te,
411 3417 526 3488 premet
548 3410 639 3468 donec
661 3428 728 3466 mea
749 3409 841 3486 frigus
864 3409 935 3468 Orci

438 3506 575 3580 Lumina,
600 3508 711 3564 amabo.

962 3605 987 3646 e.
1003 3605 1025 3646 ι.
1041 3605 1065 3646 c.
