2514 4096
369 360 624 420 ARUNDINES
649 361 763 422 OAMJ.
1002 360 1038 418 51

213 709 298 768 “Ida
307 730 412 783 meam,
427 711 571 788 genetrix,
583 730 662 769 mors
675 711 806 785 advenit,
817 711 915 788 aooipe
925 729 1035 768 vocem.

173 823 286 884 Desiit:
307 830 338 882 et
358 824 504 897 Paridem,
526 826 668 902 promisso
687 845 810 883 munere
829 825 940 897 laetum,

171 938 247 997 Vidi
266 957 320 1015 ego
339 937 511 997 tendentem
530 959 599 1025 oum
618 945 720 1016 optato
740 939 860 998 brachia
878 958 982 1016 pomo:

175 1053 232 1112 Sed
253 1054 359 1126 Pallas,
380 1054 475 1113 nudos
495 1061 608 1113 semota
628 1055 681 1112 ubi
701 1054 838 1113 constitit
858 1059 941 1111 artus

173 1168 330 1246 Effulgens‚
352 1169 549 1246 humerosque
569 1168 655 1226 hasta
675 1169 799 1244 trajecta
819 1167 958 1249 nitentes,

173 1283 256 1341 Dum
276 1301 364 1360 super
382 1283 416 1340 in
435 1283 595 1360 niveosque
615 1283 697 1340 sinus
717 1283 850 1359 iramque
870 1302 1012 1360 genarum

174 1398 321 1456 Excubiae
341 1403 463 1475 agerent
483 1398 608 1454 immoto
627 1397 742 1454 lumina
761 1396 858 1468 vultu,

174 1513 231 1570 ‘Te
251 1511 353 1570 colito:
374 1517 406 1569 te
425 1532 512 1570 nosce
532 1511 658 1589 ipsum?
681 1512 732 1591 (sio
753 1519 833 1571 casta
853 1510 998 1591 Dearum)

175 1629 232 1708 ‘Te
252 1627 361 1704 rogito:
382 1625 438 1684 hao
457 1627 520 1684 itur
539 1627 648 1684 summi
669 1626 707 1684 ad
726 1627 956 1703 fastigia'regni

172 1742 238 1801 Nee
258 1747 359 1799 tamen
378 1740 458 1798 huno
478 1740 570 1798 libeat
591 1741 730 1799 sectando
750 1760 880 1820 quaerere
900 1742 1006 1799 finem:

173 1855 285 1933 Sponte
304 1854 407 1912 aderit
450 1853 572 1930 Sapiens
592 1873 677 1926 unus,
700 1855 749 1912 cui
769 1873 877 1930 ponere
896 1859 1006 1912 rectam

173 1948 307 2031 Vivendi
327 1970 443 2028 steterit
462 1987 605 2040 normam,
627 1967 680 2044 qui
699 1967 806 2025 ducere
825 1967 908 2025 norit

173 2084 307 2145 Venturi
325 2084 510 2161 impavidum
529 2103 649 2142 securus
668 2082 810 2159 temporis
830 2079 946 2140 aevum¹

214 2375 299 2433 “Ida
311 2394 417 2446 meam,
431 2373 576 2452 genetrix,
591 2392 670 2431 mors
680 2372 919 2450 advenit-accipe
928 2392 1038 2431 vocem.

173 2492 304 2553 Deinde:
329 2490 410 2548 ‘Neo
429 2489 574 2548 illecebris
593 2489 705 2547 frustra
724 2488 877 2546 deflectere
896 2488 982 2546 litem

173 2606 331 2666 Constitui.
374 2604 445 2662 Mea
464 2624 525 2663 non
545 2605 660 2681 adjecto
680 2625 803 2663 munere
822 2605 917 2662 forma

173 2721 288 2780 Olarior
307 2721 427 2779 eniteat
471 2719 557 2788 Quod
577 2739 643 2777 sum
662 2716 866 2796 pulelierrima,
888 2738 941 2795 per
960 2738 1008 2776 me

172 2836 244 2914 Ipsa
262 2835 362 2917 probe.

195 2925 198 2934 ⁴
405 2947 464 3006 Sed
484 2952 515 3007 et
535 2946 589 3005 ohl
611 2946 636 3004 si
657 2947 854 3023 contemplata
875 2945 1007 3004 Dearum

172 3064 326 3123 Nudatam
345 3063 479 3140 speeiem,
500 3062 601 3120 vineat
621 3061 758 3118 mortalia
777 3060 916 3137 iniquum

173 3177 302 3236 Lumina
316 3175 530 3253 judicium—si
549 3175 593 3233 fas
613 3181 658 3233 est
678 3175 779 3233 fallere
798 3175 923 3233 luero—

172 3291 226 3349 Me
244 3291 302 3349 tibi
321 3289 468 3367 polliceor.
511 3287 643 3365 Vegetos
662 3288 719 3346 tibi
740 3288 828 3345 detur
847 3307 961 3346 amores

172 3405 289 3464 Abdita
308 3424 362 3482 per
382 3405 478 3464 cordis
498 3422 609 3482 rapere,
629 3404 814 3482 interiusque
834 3405 973 3463 medullis
