2514 4096
400 353 659 416 ARUNDINES
682 354 805 418 OAML
979 370 983 378 ’
1012 351 1075 422 ’207

319 703 321 706 .
397 637 761 726 „stultusque
800 688 805 697 .
842 692 843 696 ,
882 686 888 693 ,

166 767 294 827 (lunium
313 767 404 826 habet
424 787 537 845 sparsas
556 768 655 826 medie
674 769 755 827 inter
774 750 922 829 rnnrmoru
940 775 1043 844 terras,

204 867 272 938 Qua
292 867 394 926 eelidse
413 866 550 944 Sapphus
570 867 702 924 carmina
722 867 818 925 movit
838 862 936 925 Amor
945 888 956 942 3

164 966 293 1025 Artibus
313 966 393 1024 unde
412 965 472 1023 fuit
492 964 623 1042 bellique
643 971 674 1022 et
693 965 773 1043 paris
794 965 884 1042 origo,

205 1064 274 1135 Qus
294 1063 441 1122 Phoebum
461 1062 553 1120 Delos
572 1063 684 1121 nutriit
704 1069 772 1121 ortu
790 1083 887 1123 suum.

164 1160 232 1220 Hes
251 1167 364 1220 aeterns
382 1168 469 1220 aestas
488 1161 580 1219 radiis
600 1181 733 1238 auroque
752 1162 873 1235 colorat,

206 1258 266 1318 Sed
285 1259 377 1336 patrii
397 1258 475 1316 vivit
494 1257 539 1315 nil
559 1257 618 1316 nisi
638 1258 708 1316 solis
728 1258 830 1317 honor.

162 1418 337 1496 Subjeetsm
357 1423 473 1476 montes
493 1415 549 1474 alti
568 1415 750 1474 Marathona
769 1421 901 1490 tuentur,

206 1517 360 1593 Subjeetus
380 1514 541 1573 Marathon
561 1513 625 1591 ipse
644 1519 748 1571 tuetur
767 1532 858 1590 aquas
868 1533 877 1585 3

160 1612 228 1672 Hie
249 1613 330 1687 mihi,
353 1613 504 1695 paulisper
521 1611 680 1670 meditanti
699 1611 822 1688 singula,
842 1610 907 1686 visa
927 1617 972 1669 est

207 1711 361 1769 Libertate
382 1711 493 1768 iterum
513 1708 627 1767 Graeeiu
647 1728 731 1785 posse
750 1709 830 1768 frui:

161 1807 305 1887 Namque
325 1828 414 1886 super
434 1807 533 1866 Persis
551 1814 685 1885 poteram
704 1827 765 1865 non
785 1814 863 1866 stare
882 1806 1016 1885 sepultis,

212 1907 254 1966 Et
273 1927 321 1966 me
341 1907 495 1966 servitium
517 1906 634 1966 credere
655 1911 742 1983 turpe
762 1907 834 1984 peti.

168 2063 239 2122 Rex
258 2063 292 2118 in
311 2061 411 2120 fronte
431 2059 503 2117 olim
523 2059 712 2136 scopulorum
733 2058 857 2132 sederat,
878 2060 959 2119 unde
983 2137 985 2142 Ι

208 2159 395 2237 Prospicitur
415 2157 547 2229 Salamis,
568 2157 666 2216 insule
685 2164 756 2215 nata
775 2160 867 2232 muri3

171 2256 271 2316 Mults
291 2257 459 2314 carinarum
475 2256 634 2333 jacuerunt
653 2255 749 2314 millia
769 2256 878 2330 subter,

209 2356 297 2414 Mille
316 2349 472 2413 hominum
492 2354 735 2430 gentes-omniu
754 2354 832 2430 regis
852 2359 945 2416 erant.

172 2451 284 2512 (iuncte
303 2456 491 2510 recensuerat
509 2451 605 2528 prima
625 2452 680 2509 sub
700 2451 766 2510 luce
786 2452 845 2510 diei
854 2471 864 2525 3

209 2551 291 2622 Quid
309 2550 402 2609 tacito
422 2554 563 2626 superest,
585 2549 645 2607 sole
665 2549 795 2624 sedente,
817 2549 914 2608 fretel

877 2667 904 2708 u
919 2666 951 2709 11.
966 2666 995 2710 n.

267 2972 353 3047 iture
372 2987 435 3050 egre
455 2970 512 3050 turs
531 2968 646 3038 uullltts
666 2970 769 3050 pollute
787 2971 931 3051 plstrstls.

176 3101 301 3162 ‘Turnu'
317 3100 392 3158 mihi
411 3100 535 3173 dulcem,
557 3099 664 3170 Pistor,
685 3100 760 3158 mihi
780 3102 873 3160 tunde
892 3103 1036 3163 farinam'

212 3200 388 3267 ‘Tunditun
409 3198 436 3257 Ο
456 3198 559 3275 rupida
578 3199 718 3256 tunditur
737 3199 790 3257 illa
809 3199 917 3259 manu!

177 3296 293 3375 ‘Punge
313 3297 451 3355 decenter
469 3315 532 3367 seu,
554 3294 703 3372 tituloque
722 3295 849 3355 inscribe
867 3299 1002 3376 magistri
1006 3320 1016 3374 3

213 3395 280 3454 ‘sio
299 3394 383 3469 mibi
405 3393 543 3452 Osrolulo
563 3393 605 3451 sie
625 3393 683 3452 erit
704 3413 768 3453 escs
787 3396 870 3455 meo?

924 3513 950 3555 F·
965 3514 997 3557 Η.
