2514 4096
370 349 634 415 ARUNDINES
656 349 772 413 OAMI.

215 629 275 690 Seu
294 630 372 690 f01te
391 630 506 692 insidiee
526 638 558 692 te
578 634 672 712 magis
692 634 791 714 impiae

215 729 381 803 Sedueent3
400 731 514 790 vitreus
534 738 565 791 te
586 732 661 811 lepis
681 735 823 815 amnium,

295 827 390 886 Hirto
411 829 520 887 montis
540 830 574 887 in
593 836 689 905 antro,
710 837 764 890 aut

276 932 277 937 ’
293 925 410 1004 Sparsis
430 927 573 1005 sangnine
592 928 720 986 vallibus
725 948 736 1003 3

215 1080 323 1140 Altere
343 1080 377 1138 in
396 1081 524 1158 scopulis
544 1087 663 1140 vastum
683 1082 890 1156 adamantinis,

214 1179 368 1258 Spelunca,
389 1180 470 1238 unde
490 1198 592 1257 greges
611 1180 721 1238 temnit
740 1181 822 1240 avios

288 1275 384 1334 'Sistri
403 1276 546 1352 mysticus
566 1276 687 1337 horror:

294 1373 417 1452 Flagrat
437 1375 536 1433 omnia
555 1395 697 1454 quaerere.

214 1531 233 1590 Ι
252 1531 340 1591 celles
360 1520 448 1591 elios:
469 1552 555 1592 cerne
574 1533 782 1610 perieulum-

215 1632 242 1691 0
261 1651 390 1711 praeceps
410 1632 526 1708 gradus,
550 1631 576 1690 Ο
596 1632 742 1710 propositi
761 1635 862 1692 mora!

295 1728 322 1787 Ο
343 1729 454 1787 frustra
473 1729 608 1786 morieris

293 1825 363 1886 Fati
383 1827 424 1885 sie
445 1827 576 1887 monitus
597 1827 660 1887 tuii

213 1981 310 2042 Jueeis
329 1982 387 2040 rite
408 1982 494 2055 detis,
517 1987 587 2041 ante
607 1983 706 2042 oeulos
726 1983 821 2058 domo,

214 2081 410 2159 Impermiese,
432 2081 522 2158 dapes
542 2082 580 2139 ad
600 2082 710 2141 vetites
729 2083 824 2142 rediet

294 2177 383 2236 Falso
403 2177 482 2235 cedis
502 2178 605 2251 amori,

297 2275 394 2345 Quem
414 2294 533 2353 spernas
553 2275 733 2336 animosiori

213 2429 304 2490 Heu!
327 2428 441 2502 dilecte,
464 2434 517 2487 tuo
537 2429 570 2486 in
591 2429 700 2505 cespite
721 2429 866 2506 supplices

212 2527 298 2586 Inter
316 2526 474 2584 tristitiam
494 2525 655 2584 sternimur
675 2530 706 2583 et
725 2532 848 2599 metum,

293 2623 506 2699 Pastoremque
528 2622 669 2695 dolemus,

295 2720 356 2792 Qui
374 2721 434 2778 fert
449 2720 539 2797 jussa,
561 2739 615 2779 nec
635 2720 748 2779 audiet.

212 2875 309 2933 Vates
327 2875 362 2933 in
381 2875 463 2934 senio
483 2876 525 2934 sie
545 2875 625 2933 eadit
644 2875 766 2950 ultimo;

211 2970 321 3031 Fidens
340 2972 374 3030 in
394 2972 491 3030 medie
511 2973 573 3030 dux
594 2973 713 3032 dubitet
732 2973 804 3032 viai
859 2962 862 2966 ’

293 3068 362 3127 Sole
382 3075 477 3127 morte
497 3069 626 3146 ligemur

292 3166 380 3226 Pure
400 3167 539 3227 litoribus
558 3169 623 3228 fide

990 355 1047 415 345
