2514 4096
361 347 616 409 ARUNDINES
641 348 761 410 OAMJ.
979 351 1038 414 347

264 732 415 814 §trimum
434 734 463 799 tu
483 734 622 815 {acupicto
643 717 688 806 ἐξ
709 735 858 801 lssrtnartt

128 888 208 948 Ham
227 889 281 948 ubi
300 910 371 953 saxa
390 889 473 950 vides
494 891 641 950 Bernardi
660 891 693 950 in
713 898 823 964 monte,
843 892 949 966 viator,

168 987 299 1046 Pennini
319 990 468 1066 quondam
489 991 608 1066 templa·
621 991 704 1050 fuere
723 993 745 1050 J
747 993 819 1062 ovis,

127 1084 304 1164 Hospitium
323 1094 418 1161 vetuo,
440 1093 471 1148 et
491 1089 594 1148 multis
614 1089 805 1147 memorabile
826 1088 933 1160 eaeolis5

168 1185 259 1245 Nunc
279 1186 389 1244 colitur
408 1187 472 1245 veri
492 1188 621 1245 sanctior
640 1207 692 1245 aro
713 1187 778 1246 Dei.

128 1280 247 1341 Scilicet
266 1283 315 1341 hic
335 1284 406 1342 olim
426 1284 524 1342 voluit
544 1285 601 1342 sibi
620 1305 730 1362 ponere
750 1285 849 1343 sedem

168 1379 294 1458 Religio,
316 1386 355 1440 et
367 1382 446 1440 notis
467 1383 576 1459 gaudet
596 1383 695 1441 edesse
711 1383 809 1460 jugie;

127 1478 233 1556 thue
252 1479 342 1556 prino,
364 1481 473 1538 blanda
493 1481 646 1538 venientes
665 1500 736 1538 voce
758 1480 875 1552 salutat,

168 1575 273 1654 Deque
293 1578 343 1636 via
363 1578 445 1636 fessis
466 1578 545 1637 elma
565 1579 718 1637 ministrat
738 1598 831 1656 opem,

128 1671 169 1730 Et
188 1672 297 1731 froctae
316 1679 436 1751 reparat
457 1676 544 1749 vireo,
565 1676 718 1753 reficitque
738 1677 896 1750 labantem,

168 1769 209 1828 Et
229 1770 310 1828 fovet
330 1770 430 1848 alpino
450 1774 583 1832 membro
601 1779 722 1850 perusta
742 1773 811 1850 gelu
817 1792 827 1846 3

126 1869 202 1942 Aut,
224 1888 297 1946 quos
317 1870 450 1929 obruerit
470 1872 571 1929 subita
590 1873 645 1930 nix
665 1873 747 1949 lapso
766 1873 861 1945 ruina,

168 1965 268 2043 Eripit
289 1986 327 2025 ex
347 1967 408 2026 alto
428 1969 513 2041 mole,
537 1974 680 2045 vetatque
700 1970 791 2030 mori:

128 2063 286 2140 Temperet
306 2069 337 2122 et
357 2064 460 2123 Boreae
479 2065 600 2140 rabiem,
622 2066 778 2143 mollitque
797 2067 927 2144 pruinae,

169 2161 210 2220 Et
230 2161 302 2220 fecit
322 2168 433 2221 aeterno
452 2182 522 2222 vere
542 2170 644 2242 tepere
663 2166 755 2224 nives.

892 2279 912 2320 o.
930 2279 958 2320 u.

432 2477 677 2486 ——---——--

494 2778 633 2860 utrque

85 2935 173 2996 Auru
192 2934 219 2994 ei
238 2934 314 3013 quid
330 2933 429 3008 hebes,
448 2935 487 2993 da
506 2935 585 3014 quod
602 2935 707 3010 habee;
728 2935 754 2994 ei
773 2935 873 2995 minus
892 2937 928 2995 id¹
945 2938 1033 3011 valeo,

86 3034 135 3093 Do
155 3034 323 3093 oolatiolum
343 3033 519 3111 dulciloquio
540 3038 570 3093 et
590 3034 700 3119 teneris
719 3032 824 3093 labris:

67 3115 119 3190 'Si
139 3132 213 3210 quid
231 3133 385 3191 fecerimus
405 3133 491 3190 corde
511 3132 569 3210 pio,
590 3132 712 3210 plaudet
733 3151 806 3209 opue
826 3133 925 3205 Pater,

87 3230 147 3302 Qui
166 3250 220 3290 uos
238 3231 373 3290 instituit
392 3250 493 3290 rerum
511 3232 621 3308 inopes,
643 3236 675 3289 et
694 3229 837 3291 miseram
857 3231 947 3290 videt.

878 3344 909 3385 11.
925 3345 953 3386 n.
