2514 4096
395 364 651 427 ABUNDINES
677 366 796 427 OAMI.
1034 366 1073 424 89

500 640 683 722 propinatu.

198 769 375 830 Lummus
395 769 463 828 solis
482 769 566 843 mihi,
588 768 683 847 Lydia
703 789 778 844 cara,
799 770 937 848 propines
943 787 955 845 ;

239 867 417 926 Luminibus
436 868 559 926 reddam
578 887 650 926 mox
670 887 731 945 ego,
753 869 846 940 crede,
868 869 964 927 vices:

198 965 260 1037 Yel
280 971 400 1024 tantum
420 965 538 1023 admoto
559 965 700 1042 cyathum
720 965 796 1023 mihi
814 966 898 1043 tinge
917 965 1032 1038 labella,

240 1063 283 1123 Et
303 1063 481 1122 desiderium
500 1063 610 1141 fugerit
630 1083 717 1122 omne
736 1063 819 1124 meri.

201 1160 329 1234 Scilicet,
351 1181 389 1219 ex
409 1162 510 1220 anima
529 1182 595 1239 quae
615 1161 729 1220 fervida
749 1161 882 1220 nascitur
901 1160 969 1236 ima,

241 1260 313 1318 Non
333 1261 392 1319 nisi
413 1261 515 1318 divino
536 1267 581 1319 est
601 1260 683 1319 fonte
704 1261 831 1320 levanda
852 1263 934 1334 sibis3

200 1356 261 1415 Aa
280 1377 341 1435 ege,
364 1359 512 1416 donentur
531 1359 607 1416 mihi
627 1361 654 1417 si
673 1359 759 1418 Jovis
778 1360 850 1438 ipsa,
872 1379 1005 1419 recusem

240 1454 368 1520 Pocula:
396 1462 468 1514 sunt
487 1456 579 1515 labris
600 1457 654 1516 illa
673 1458 802 1518 secunda
821 1459 891 1517 iuis.

875 1573 903 1615 e.
918 1572 941 1616 J.
958 1574 987 1616 Ic

474 1693 724 1705 ——a—-

506 1859 693 1936 pulensus.

323 1986 569 2050 annnmcmnno
585 1992 659 2070 jugo
679 1990 808 2067 sedebat,

322 2082 371 2158 Et,
393 2085 419 2142 si
439 2105 500 2143 non
519 2087 615 2158 abeat,
636 2089 689 2147 diu
709 2091 832 2163 sedebit,

324 2182 397 2261 Spes
417 2185 468 2244 ille
488 2187 597 2246 ultima
616 2189 860 2248 Pillicocciorum.

916 2303 947 2345 Η.
961 2304 990 2345 n.

478 2443 728 2452 -—-——.

467 2596 575 2662 inulas
595 2599 723 2666 fimetis.

164 2729 265 2791 Fnunn
284 2752 387 2810 parem
407 2735 516 2794 nostris
537 2737 590 2814 qui
610 2741 649 2810 te,
670 2757 752 2815 puer,
774 2738 895 2816 ignibus
914 2739 1015 2817 ignem

202 2831 313 2905 lactes,
335 2833 361 2891 si
380 2833 475 2892 caleat
495 2835 572 2894 forte
592 2836 659 2912 quis
679 2837 748 2914 igne
768 2837 842 2915 pari,

164 2927 275 2988 Infelix
294 2935 349 2988 ‘cue
368 2936 439 2989 vota
458 2932 551 2991 refer:
577 2934 703 2992 referam
722 2936 785 3012 ipse
804 2935 943 3010 vicissim,

200 3026 282 3098 Quid
301 3028 342 3087 sit
359 3028 465 3104 Amor,
486 3037 589 3108 pateat
608 3033 746 3110 qualibus
765 3033 817 3092 ille
836 3035 924 3094 notia

164 3180 225 3256 Est,
246 3183 329 3262 pasci
348 3182 382 3242 in
401 3189 481 3243 ictos
500 3186 603 3259 risum,
624 3186 651 3244 si
669 3187 779 3261 riserit,
801 3207 910 3247 annos:

202 3281 265 3354 mc,
288 3282 363 3341 solvi
383 3282 416 3339 in
435 3283 580 3358 lacrimas,
602 3285 728 3344 fundere
747 3291 827 3356 vota,
847 3306 963 3364 preces:
1018 3357 1020 3359 ¹

164 3377 246 3439 Ante
265 3381 355 3458 pedes
375 3401 490 3459 semper
508 3383 591 3441 volvi
611 3389 641 3442 et
661 3384 802 3462 languere
822 3384 944 3462 puellae3

203 3481 236 3540 si
255 3480 335 3559 fugit
354 3480 416 3554 illa,
437 3480 537 3558 sequi:
565 3481 607 3540 sic
627 3501 734 3559 cupere
753 3501 848 3559 usque
868 3482 959 3560 sequi.
