2514 4096
266 321 526 415 inarmans
552 353 668 417 eant.
883 355 941 415 209

313 650 386 726 {bat
405 667 480 714 meta
500 650 624 718 litatus.

156 814 221 866 ans,
241 794 444 869 Atheniensis,
464 796 520 854 hoe
540 797 662 855 bustum
681 800 788 858 tuensl

156 895 224 968 Nos,
247 896 341 968 erede,
363 915 424 953 non
444 896 543 972 tangit
563 895 666 954 dolor:

156 997 209 1049 vat
224 991 324 1068 jacere
334 1010 344 1065 ;
363 1011 444 1050 nune
465 992 562 1049 soluta
581 991 723 1066 vincula3

156 1088 244 1147 Nune
264 1108 344 1147 nune
364 1108 504 1147 vacamus
524 1089 620 1148 liberi.

740 1198 771 1245 H.
787 1204 817 1245 M.
833 1204 859 1244 R

342 1377 584 1386 ——ss

323 1564 491 1628 dutmala
510 1564 593 1632 altra

156 1730 170 1772 s
189 1713 243 1771 ubi
262 1711 460 1772 estl-abiit!
502 1711 618 1788 Phyllis
638 1711 765 1771 formosa
783 1720 910 1790 vagatur
916 1734 925 1788 ;

156 1818 192 1881 at,
214 1817 244 1870 et
265 1810 415 1887 extemplo
435 1809 561 1886 quiaque
582 1814 723 1885 sequatur
742 1814 862 1870 amans!

156 1912 209 1968 bus
229 1915 377 1967 errantem
398 1908 525 1966 noscatis
546 1906 686 1983 Phyllida
706 1907 806 1984 signis,

171 2006 297 2066 memori
316 2007 400 2065 vobis
420 2011 521 2064 mente
541 2005 671 2063 tenenda
691 2005 775 2073 debe.

156 2165 209 2223 idae
229 2163 366 2234 frontem,
389 2165 420 2220 et
439 2179 500 2238 prae
521 2179 552 2218 se
572 2159 631 2217 fert
651 2157 704 2216 illa
723 2157 852 2235 procacis
862 2178 872 2234 ;

156 2284 163 2322 ι
183 2263 266 2320 abest
286 2260 417 2338 speeies3
437 2279 485 2316 ars
504 2259 538 2316 in
556 2265 684 2335 utroque
704 2260 798 2319 latet:

159 2359 227 2419 vult
247 2359 329 2416 omni
348 2376 441 2415 vacua
461 2356 613 2414 anxietate
632 2356 735 2428 videri,

156 2476 236 2536 aque,
258 2475 320 2514 non
340 2454 475 2530 simplex,
497 2453 696 2530 simplicitatis
716 2455 816 2515 habet.

156 2611 182 2663 lo
203 2624 241 2663 ex
261 2602 353 2661 oeulis
372 2601 449 2659 radii
469 2600 583 2678 fulgore
603 2607 776 2676 eoruscant3

172 2707 259 2779 putet
278 2701 312 2758 in
332 2700 415 2759 vario
434 2700 548 2758 lumine
568 2700 663 2758 inesse
684 2700 787 2761 dolos't

156 2799 299 2873 ‘ulnifieoa
320 2798 407 2856 modo
428 2798 536 2869 eredas,
558 2797 678 2873 conjicit
696 2797 788 2874 ignes,

156 2920 176 2959 .e
195 2904 297 2958 tamen
317 2903 398 2957 certa
418 2897 520 2974 dirigit
540 2901 605 2954 arte
620 2895 717 2972 jubar.

156 3071 214 3110 rere
233 3051 351 3110 fraudes
372 3049 483 3108 alienas
503 3048 614 3107 temnit
634 3053 665 3107 et
685 3049 756 3122 odit,

156 3203 157 3209 ,
179 3150 237 3207 sibi
257 3149 319 3208 sint
339 3147 473 3226 propriae,
496 3146 603 3224 diligit,
624 3147 711 3205 hasce
730 3148 831 3221 fovet3

156 3248 202 3305 ios
222 3247 330 3319 ridens,
351 3251 396 3304 est
416 3245 496 3323 quod
515 3245 630 3303 deridet
649 3245 684 3302 in
702 3244 771 3317 illis,

157 3364 214 3421 que
234 3349 410 3422 aspernatur
429 3363 484 3402 nee
504 3343 595 3416 videt,
617 3343 682 3420 ipsa
701 3338 780 3402 facit.

716 3458 743 3500 J·
757 3457 789 3501 11.
804 3459 829 3500 L.
845 3457 870 3500 0.
