2514 4096
481 366 740 428 ARUNDINES
765 367 876 430 OAMJ.
1097 373 1155 434 317

544 831 644 904 Μία,
664 831 816 910 mopsus.

203 987 242 1048 D.
285 987 441 1047 Ducunem
460 987 533 1058 sine,
555 988 662 1064 Mopse
667 1006 676 1060 3
696 988 780 1045 nefas
800 985 884 1054 mihi,
900 984 1015 1061 Mopse,
1032 983 1159 1042 morari:

285 1085 401 1162 Phyllis
418 1087 512 1159 abest,
527 1091 712 1163 poscuntque
733 1083 814 1141 domi
834 1103 882 1141 me
902 1088 991 1158 teque
1012 1088 1157 1159 parentes.

203 1178 248 1240 M.
286 1183 361 1240 Tam
379 1203 504 1260 propere
524 1184 607 1260 piget
627 1181 734 1262 evelli3
755 1200 837 1238 nune
858 1181 986 1258 denique
1006 1181 1085 1238 nulli

286 1281 452 1352 Cernimur,
474 1287 504 1340 et
526 1280 666 1357 Corydon
679 1301 748 1339 cum
762 1279 902 1355 Phyllide
916 1279 1004 1337 cessit
1017 1279 1050 1335 in
1064 1297 1157 1354 agros.

286 1379 318 1437 si
338 1399 398 1456 qua
417 1380 490 1439 fides
511 1380 605 1438 oeulis
625 1384 679 1438 eut
700 1378 832 1446 auribus,
852 1376 933 1434 haud
954 1376 1053 1432 minus
1073 1375 1134 1432 illis

285 1477 383 1547 Quem
403 1477 479 1534 mihi
499 1495 650 1553 quemque
670 1475 729 1532 tibi
748 1474 828 1545 solis,
843 1492 920 1543 reor,
937 1492 999 1530 esse
1013 1473 1160 1531 voluntas.

284 1574 354 1649 Hie,
376 1575 524 1633 narcissus
544 1575 597 1632 ubi
617 1573 746 1631 viridem
767 1571 958 1630 densissimus
980 1590 1101 1659 agrum¹

284 1673 398 1750 Pingit,
420 1673 458 1731 ad
478 1674 559 1730 hune
579 1678 702 1730 tenuem
721 1672 875 1729 flectamus
896 1689 1018 1746 corpora
1038 1670 1145 1727 rivum

204 1794 207 1798 ’
284 1771 385 1829 Audis
405 1790 494 1848 quem
515 1777 639 1830 centum
659 1790 750 1847 supra
770 1770 822 1828 der
842 1770 955 1842 alauda,
977 1769 1101 1845 notique

289 1870 333 1928 Ut
353 1890 407 1946 per
426 1870 621 1928 enindineam
641 1871 791 1946 suspirent
810 1869 919 1926 leniter
937 1868 1055 1926 ulveml

204 1967 242 2028 D.
286 1967 394 2025 Suavis
415 1968 488 2025 odor
507 1968 597 2044 preti,
620 1967 815 2044 volucresque
836 1986 974 2043 euraeque
994 1965 1132 2037 salubres,

287 2065 383 2123 Credo
392 2066 539 2141 equidem,
549 2072 629 2138 sunl,
640 2066 755 2143 Mopse,
764 2066 858 2143 magis
867 2085 957 2143 quam
967 2065 1055 2122 Delia
1068 2064 1157 2121 cordi.
1191 2045 1197 2056 ⁴

204 2161 250 2221 M.
286 2162 358 2220 Non
379 2163 516 2240 equidem
536 2164 593 2222 hoo
613 2165 726 2222 merui:
755 2171 858 2222 nostro
879 2164 987 2222 diffidis
1008 2163 1120 2220 emori?

285 2263 374 2321 Istud
394 2264 454 2322 aisl
496 2265 651 2323 Nimirum
671 2265 766 2322 oeulis
787 2269 818 2322 eb
838 2269 938 2322 mente
959 2282 1103 2334 vacarem,

248 2391 251 2396 ·
286 2361 414 2438 Fingere
427 2362 453 2424 si
466 2366 585 2438 possem
601 2367 665 2419 bam
685 2362 772 2419 dulee
793 2367 824 2420 ei
844 2362 971 2419 amabile
986 2362 1159 2439 quidquam,

285 2459 397 2516 Temve
417 2479 490 2517 meae
511 2459 644 2536 dignum,
666 2479 756 2536 quam
777 2458 872 2517 duleis
894 2458 990 2531 Delia,
1013 2479 1097 2517 eurae.

284 2555 346 2613 Ora
365 2556 470 2614 halant
491 2563 545 2615 tua
566 2577 656 2615 suave
678 2558 771 2634 magis
792 2577 969 2634 quoeunque
991 2563 1105 2631 rosei03

287 2654 357 2712 Flos
377 2655 467 2727 sinus,
489 2675 522 2713 ac
543 2655 649 2713 florum
670 2655 827 2731 splendent
847 2674 902 2731 par
921 2656 1021 2712 nobile
1040 2654 1141 2728 melae3

287 2751 335 2810 As
354 2771 415 2809 vox
435 2752 578 2829 praeeellit
597 2751 677 2829 quod
693 2751 946 2828 jucundissimum
966 2753 1004 2809 ab
1024 2752 1086 2810 ullo

287 2848 357 2908 Aut
377 2851 462 2908 turdi
483 2855 538 2909 eut
557 2850 679 2908 merulae
691 2850 835 2907 siillatur
854 2855 977 2926 gulture
997 2869 1144 2910 murmur.

286 2946 339 3006 Me
359 2948 437 3005 nulli
457 2948 603 3021 alliciunt,
627 2954 783 3026 pratorum
804 2949 943 3026 insignia,
966 2950 1061 3022 flores,

287 3045 382 3104 Barea
402 3033 457 3105 nee
477 3048 511 3105 in
531 3047 617 3106 clivis
639 3049 776 3124 quemvis
797 3053 917 3107 mature
936 3050 1079 3126 paternis,

286 3141 333 3200 Sis
353 3144 441 3201 modo
462 3151 498 3202 tu
518 3165 651 3204 mecum:
673 3145 834 3221 praedulcie
854 3147 983 3205 sustinet
1003 3147 1090 3205 arbos

287 3241 398 3300 Poma:
420 3248 522 3301 temen
542 3244 639 3320 pomis
659 3249 713 3302 tue
734 3243 850 3302 dulcius
870 3244 970 3303 oscula
991 3243 1105 3320 Mopso.

973 3357 997 3398 c.
1015 3357 1037 3398 e.
1053 3356 1079 3399 c.
