2514 4096
399 568 570 660 {brutinus
601 569 719 656 bron]

460 737 587 812 ’1110011
613 737 663 821 ᾖ.

144 938 196 996 Nn
209 939 333 1011 mireris,
343 939 451 999 Lector
460 940 582 1012 erudite,
599 941 678 1017 quod
687 940 721 997 in
731 959 793 998 aevo
803 959 903 998 rerum
913 939 1035 997 utilium

83 1045 176 1120 magis
190 1046 294 1120 sagaci,
311 1065 401 1122 quam
418 1051 659 1104 ornamentorum
679 1045 817 1118 studioso,
839 1064 932 1103 novos
952 1065 1038 1122 quos·

84 1151 154 1206 dam
176 1151 347 1208 ‘Musarum
367 1150 459 1209 fetus'
485 1152 582 1208 ausim
604 1150 783 1228 expromere,
812 1150 844 1209 id
871 1151 1038 1210 accuratius

85 1257 198 1314 edoceri
212 1258 334 1314 fortasse
347 1277 408 1315 non
420 1257 596 1334 gravaberis.

148 1363 248 1433 Quum
258 1364 329 1440 jam,
345 1366 384 1423 ad
398 1384 482 1422 curas
498 1365 658 1433 sanctiores
672 1370 804 1438 vocatus,
822 1365 860 1422 ab
876 1363 1039 1422 Academia

86 1478 187 1528 nostra
211 1471 404 1539 decessissem,
427 1471 511 1529 venit
533 1471 608 1529 mihi
630 1472 662 1528 in
681 1477 821 1545 mentem,
843 1491 908 1549 quae
928 1471 1039 1529 calamo

90 1575 192 1634 Graeco
207 1584 260 1634 aut
274 1576 382 1634 Latino
395 1576 540 1648 lusissem,
556 1576 715 1635 subsecivis
728 1576 809 1634 horis
822 1577 855 1633 in
869 1576 1040 1634 fasciculum

89 1700 182 1737 unum
199 1681 341 1758 colligere.
385 1681 457 1739 Huc
475 1701 619 1740 accessere
639 1681 775 1759 quaedam
794 1701 856 1740 non
876 1683 1041 1740 invenustae

90 1789 273 1865 prolusiones
283 1810 386 1848 eorum
397 1791 573 1868 quibuscum
581 1790 808 1849 familiarissime
817 1797 950 1849 versatus
959 1811 1023 1849 sum
1032 1813 1040 1864 3

90 1917 181 1975 eaque
195 1897 295 1955 omnia
308 1898 414 1956 collata
429 1898 550 1955 tandem
568 1902 598 1955 et
618 1904 793 1974 comparata,
812 1900 857 1955 ita
876 1899 951 1955 mihi
970 1899 1043 1955 airi-

92 2003 209 2075 debant,
226 2009 263 2061 ut
278 2005 371 2062 oculis
387 2004 505 2062 viderer
524 2004 655 2080 paternis
675 2009 819 2081 tanquam
839 2003 943 2060 filiolos
964 2023 1044 2061 meos

91 2112 218 2184 intueri3
247 2112 367 2170 intuens
391 2118 500 2182 autem,
524 2132 596 2170 mox
620 2130 757 2189 cuperem
784 2111 883 2169 oculos
910 2110 1043 2168 omnium

92 2218 246 2282 hominum
260 2219 298 2276 ad
312 2217 428 2277 eosdem
442 2221 567 2277 allicere.
612 2219 766 2289 Caeterum,
781 2218 828 2276 his
841 2218 965 2276 vixdum
980 2237 1044 2293 per-

92 2325 197 2400 pensis,
212 2332 302 2401 prout
315 2325 444 2401 plurima
457 2325 534 2382 vires
551 2323 647 2381 eundo
663 2324 829 2401 acquirunt,
851 2342 916 2401 quae
937 2323 1046 2380 somni·

93 2451 187 2489 assem
201 2431 267 2489 aliis
281 2430 458 2507 quibusdam
476 2429 768 2506 Cantabrigiensibus
784 2429 955 2506 impertitus
971 2448 1045 2500 sum,

93 2542 124 2595 61
141 2537 286 2614 paulatim
302 2537 415 2594 auxilia
431 2537 464 2593 in
483 2556 516 2594 re
536 2536 731 2608 audacissima
751 2535 892 2594 contraxi.
937 2535 1047 2611 Itaque

93 2645 177 2702 brevi
191 2650 323 2721 tempore
336 2643 417 2701 haud
430 2643 490 2701 scio
503 2662 542 2700 an
556 2643 655 2713 omnia
669 2642 825 2700 Nasonum
839 2648 869 2699 61
885 2641 1046 2698 Maronum

94 2756 125 2806 et
139 2749 300 2806 Poetarum
318 2749 507 2807 Scenioorum
528 2748 635 2806 scrinia
654 2749 688 2804 in
708 2766 813 2805 manus
833 2767 913 2804 meas
933 2746 1046 2803 fuerint

94 2855 205 2928 effusa;
223 2861 302 2913 certe
316 2874 350 2912 ea
363 2855 483 2932 quidem
497 2854 666 2912 abundabat
679 2855 884 2912 munificentia
897 2860 1000 2911 vatum
1014 2860 1045 2911 61

95 2959 203 3017 Latine
217 2966 248 3018 61
261 2960 367 3017 Attice
381 2959 582 3032 scribentium,
597 2968 633 3018 ut
645 2960 678 3017 in
692 2961 841 3038 seligendo
851 2960 943 3036 magis
954 2979 1045 3036 quam

95 3076 128 3133 in
142 3075 304 3151 colligendo
318 3094 451 3133 summus
463 3074 547 3132 labor
560 3077 726 3149 poneretur.

129 3202 132 3209 ¹
158 3180 243 3238 Inter
257 3180 310 3237 has
324 3200 393 3256 opes
406 3178 529 3257 plurimi
542 3177 685 3236 faciebam
700 3193 882 3252 quaecunque
898 3172 935 3232 dc
951 3172 1049 3230 Musis
1127 3255 1128 3258 Ἴ

97 3287 279 3345 nostratibus
306 3285 414 3343 Latine
439 3305 578 3343 conversa
600 3283 770 3360 acciperem,
796 3281 957 3357 eademque
973 3263 1051 3337 'dili-

97 3399 202 3470 genter
215 3394 412 3469 exoerpebam.
456 3391 577 3448 Etenim
592 3389 769 3466 experiendo
783 3389 906 3467 cognovi
916 3388 1050 3445 animum

98 3501 218 3560 lectoris
231 3500 287 3557 hoc
300 3518 393 3577 genus
407 3519 441 3557 co
454 3498 597 3556 libentius
613 3495 703 3567 611116,
721 3514 779 3572 11110
798 3495 920 3553 acrioris
939 3491 1053 3569 ingenii
