2514 4096
487 307 740 413 rerurrrrs
766 354 881 414 carr.
1098 356 1158 414 253

547 735 550 741 ’
603 736 768 811 bracatae.

212 887 242 944 ‘I
254 905 326 960 rau,
336 905 412 965 pone
420 907 533 966 sequar,
546 888 691 948 Domine?
728 890 833 949 ‘Haud
842 891 1003 968 praecedere
1012 911 1131 969 possum
1139 892 1156 955 :'

210 987 253 1058 ‘I,
275 1006 360 1062 prece
380 993 412 1045 te
431 988 528 1064 rogito
540 986 556 1045 :'
577 988 718 1046 ‘Foribus
738 989 811 1065 quin
831 990 985 1066 proximus
1005 992 1102 1048 adstas
1114 990 1128 1049 l'

210 1083 287 1142 ‘Per
306 1090 394 1163 caput
407 1085 462 1143 hoc
480 1090 615 1143 nostrum
631 1086 709 1162 juro,
730 1087 804 1162 pede
822 1088 896 1163 figor
906 1085 922 1146 ι’
947 1087 1009 1144 ‘At
1026 1087 1075 1146 hic
1092 1107 1156 1146 sum

208 1181 279 1258 Ipse
299 1181 386 1254 domi,
407 1188 512 1258 reputa
521 1181 538 1241 :’
563 1182 704 1241 ‘Veniam
725 1184 770 1256 da,
792 1203 853 1240 non
872 1184 954 1261 prior
973 1184 1022 1243 ibo
1034 1184 1049 1242 l’

209 1279 321 1349 ‘Quam
341 1281 381 1337 sit
401 1279 580 1338 inurbanum
599 1281 679 1354 novi,
701 1286 733 1338 at
752 1301 856 1358 parere
875 1301 991 1340 necesse
1012 1289 1056 1341 est
1066 1302 1076 1356 ς

206 1378 308 1454 Longe
328 1378 415 1436 aliter
433 1378 658 1455 facerem—jam
679 1379 718 1436 sis
738 1378 813 1436 mihi
832 1379 947 1448 flexilis,
969 1379 1037 1438 or0.'

247 1476 304 1548 Ite,
326 1476 429 1552 praeite
448 1476 515 1534 aliis
534 1478 594 1549 alii,
616 1496 668 1535 vos
688 1481 834 1553 quotquot
853 1476 891 1533 ab
911 1477 992 1549 urbe,

206 1574 360 1652 Armigeri
380 1580 526 1652 quotquot
546 1594 679 1651 proceres
700 1574 736 1632 de
756 1593 824 1631 rure
835 1593 844 1646 3
866 1593 921 1632 nec
940 1575 979 1646 id,
1000 1575 1080 1651 quod

206 1673 331 1731 Pectore
351 1677 431 1730 amat
450 1677 522 1745 toto,
544 1673 601 1730 sibi
621 1672 746 1749 quisque
766 1691 913 1730 assumere
933 1673 1018 1731 nolit.

207 1772 284 1830 Vita
304 1772 402 1830 brevis
421 1771 497 1829 male
518 1792 549 1830 se
568 1772 674 1829 vestris
694 1771 894 1828 accomodat
913 1769 994 1830 hisce
1033 1765 1037 1775 '

205 1871 351 1944 Usubus3
371 1870 424 1928 illa
443 1869 526 1946 fugit,
549 1871 621 1928 dum
640 1888 693 1926 vos
713 1869 825 1925 ornatis
845 1869 883 1926 ad
902 1888 1034 1946 unguem

205 1969 364 2027 Exhibitos
383 1987 484 2041 mores,
505 1968 605 2045 quales
626 1967 771 2025 docuisset
791 1966 899 2042 ineptae

206 2066 372 2124 Garrulitas
392 2067 474 2137 aviae,
496 2071 548 2124 aut
568 2064 648 2122 balbi
668 2068 814 2140 praecepta
834 2063 976 2140 Bathylli.

204 2164 231 2222 0
253 2165 278 2222 si
299 2164 366 2241 quis
384 2165 486 2222 veniat
506 2165 588 2222 rudis
609 2169 640 2222 et
660 2164 802 2222 clamosus
823 2169 854 2220 et
873 2163 952 2221 idem

205 2261 350 2333 Ebriolus,
372 2262 494 2337 paulum
513 2265 566 2318 aut
586 2261 713 2331 demens,
735 2261 788 2338 qui
808 2261 886 2318 calce
905 2261 1000 2320 faceto

205 2360 325 2436 Urgens
345 2359 381 2417 de
401 2364 484 2435 tergo
504 2360 595 2416 scalas
615 2359 791 2417 abscondere
812 2363 904 2435 cogat.

247 2457 305 2515 Sed
315 2457 386 2533 quid
397 2457 629 2533 egohaecplural
644 2456 692 2513 En
700 2455 979 2533 praestostatMors!
995 2457 1053 2516 nisi
1060 2458 1154 2517 vultis

207 2555 265 2628 Ire,
288 2553 349 2612 haec
369 2554 513 2612 attonitos
532 2555 689 2632 protrudet
709 2559 739 2612 et
758 2554 802 2612 ire
821 2559 970 2632 negantes.

1043 2670 1069 2711 ra

562 2857 805 2866 ..--....-,..

506 3126 572 3191 ltro
590 3127 689 3194 fumat
708 3128 738 3192 lu
757 3141 851 3196 aaran.

324 3281 392 3342 Nos
411 3282 573 3341 multitudo
593 3283 726 3358 praeterit
746 3283 867 3341 cottidie
876 3302 886 3357 3

327 3381 408 3454 Quos
427 3383 471 3439 ita
490 3382 655 3460 praeteritos
675 3401 736 3439 non
754 3401 855 3440 rursus
875 3380 1064 3439 intuebimur.

905 3497 1068 3539 mauu
