2514 4096
413 352 671 440 lacrumas
694 352 806 416 cunr.
1030 354 1086 412 133

507 684 509 689 ·
535 658 684 724 teretius.

173 817 341 874 Falernus
361 815 394 872 in
414 813 508 893 pratis
528 812 722 891 hyacinthina
742 817 821 871 serta
837 809 948 888 jubebo
956 829 966 884 ;

215 914 378 973 Instituam
399 914 519 991 quernis
539 916 627 971 antra
646 912 741 969 virere
762 911 869 984 comis,·
989 926 991 931 ·

177 1013 300 1090 Quaque
320 1003 439 1070 tumens
460 1016 554 1069 certat
574 1030 643 1068 oum
663 1029 745 1067 sacra
764 1009 866 1068 laurea
885 1014 993 1086 myrto,

217 1112 285 1181 Qua
303 1130 422 1187 peream
442 1110 569 1183 flamme,
590 1114 691 1167 motus
711 1127 819 1181 amore,
841 1127 957 1168 canam.

177 1280 245 1340 lllie
265 1267 390 1340 deliciae
404 1280 548 1337 silvarum
569 1283 600 1337 et
620 1278 729 1356 frigora
750 1299 871 1357 carpens

219 1379 349 1438 Felicem
369 1377 522 1455 Zephyrus
543 1377 733 1455 pervolitabit
753 1377 878 1436 humum
884 1398 894 1453 ;

181 1475 271 1554 (lujus
292 1476 325 1533 in
345 1476 492 1552 amplexu,
516 1480 547 1533 et
567 1474 623 1533 sub
643 1474 730 1533 dulce
750 1477 923 1536 sonantibus
943 1477 1007 1550 alis,
1111 1529 1113 1533 .

220 1574 354 1634 Secessus
374 1572 437 1630 laeti
456 1572 578 1650 pensilis
597 1572 704 1630 umbra
723 1577 838 1635 tremet.

183 1749 234 1808 Ad
252 1768 319 1807 mee
340 1746 412 1806 saxa
430 1747 509 1821 veni,
531 1753 562 1806 et
582 1746 725 1806 crinitum
746 1747 900 1806 frondibus
920 1752 1049 1820 antrum,

222 1847 360 1924 Spiritus,
381 1845 486 1903 Idaliis
506 1845 624 1903 mollior
644 1851 708 1904 orte
729 1845 802 1903 rosis
806 1867 816 1920 ,-

184 1942 298 2022 Ferque
317 1935 406 2002 simul
425 1941 568 2020 floresque
587 1961 679 2000 novos
700 1949 730 2001 et
751 1942 865 2001 roseida
885 1941 981 2017 mella,

223 2042 265 2101 Et
285 2060 353 2100 eum
373 2046 514 2099 montano
535 2046 603 2099 ture
622 2040 755 2118 palustre
775 2039 924 2117 thymum.

186 2212 315 2272 Gutture
335 2231 403 2270 cum
422 2210 510 2288 pleno
530 2228 693 2283 nemorum,
716 2209 870 2288 campique
890 2210 1025 2282 susurris,

223 2309 366 2382 Adsis‚O
388 2327 504 2388 roseum
524 2307 718 2366 concomitata
739 2306 835 2381 diem3

185 2406 236 2464 Ad
256 2425 322 2463 mea
342 2423 414 2462 saxa
432 2404 510 2477 veni,
532 2410 637 2461 moesta
657 2423 725 2461 cum
745 2422 816 2462 voce
836 2405 951 2477 cuculli,

218 2503 337 2562 ‘Prodat
358 2507 389 2560 et
409 2506 554 2580 agrestem
574 2502 654 2580 quod
674 2502 739 2560 leve
758 2521 895 2561 murmur
914 2523 1007 2581 apem.

188 2676 252 2749 Qua
271 2675 422 2734 matutino
442 2673 561 2752 spirasti
581 2694 698 2752 cunque
716 2674 838 2748 volam,-

227 2774 425 2851 Quaecunque
447 2772 559 2832 Oceani
578 2772 684 2831 luseris
705 2772 784 2830 inter
803 2791 909 2850 aquas3

187 2871 277 2930 Nunc
296 2889 412 2929 mecum
432 2868 551 2928 intexta
574 2870 740 2946 requiescas
760 2867 880 2927 floribus
900 2869 1013 2940 umbra,

227 2971 389 3029 Immemor
409 2960 512 3045 Elysii,
534 2966 652 3025 mobilis
672 2966 768 3042 Aura,
790 2967 844 3025 tui.

188 3141 305 3219 Quippe
324 3158 378 3217 ego
398 3137 573 3198 crediderim
592 3137 672 3196 fusos
691 3141 723 3196 te
742 3142 860 3197 nectare
880 3139 986 3208 fontes,

227 3238 270 3297 Et
289 3237 396 3316 magici
416 3236 499 3295 lucos
519 3235 680 3294 deseruisse
700 3236 772 3310 soli3

187 3334 276 3395 Purus
289 3334 343 3392 ubi
356 3338 427 3391 sunt
439 3332 554 3405 anima,
569 3337 600 3390 et
613 3331 742 3391 Veneris
754 3331 953 3409 pulcherrima
966 3334 1072 3412 proles,

191 3434 194 3439 ’
230 3433 273 3491 Et
293 3451 361 3490 cum
381 3429 518 3489 caelicolis
538 3431 661 3490 sabbata
681 3431 783 3489 condit
802 3431 906 3492 Amor.

1128 3398 1131 3533 l

1055 3538 1132 3715 ¹l
