2514 4096
411 349 665 412 ARUNDINES
691 350 803 412 cAMJ.
1023 340 1082 410 261

498 580 545 645 dt
567 580 711 644 dorcam.

173 711 260 769 Diva
280 709 375 782 (leros,
398 710 548 788 opulenta,
571 710 630 769 tibi
650 709 713 767 haeo
732 708 755 767 J
756 709 869 766 unonia
887 703 977 786 longe

173 808 264 867 Jussa
283 809 353 881 fero,
376 808 461 885 cujus
480 807 601 884 liquidis
621 808 656 865 in
675 807 805 865 nubibus
826 806 886 864 Iris

175 905 245 982 Ipsa
264 926 317 983 per
336 905 473 964 aetherios
492 905 576 963 labor
595 905 765 983 praenuntia
783 910 906 963 tractus·

174 1002 284 1060 Jamne
303 1008 372 1061 tuas
390 1003 487 1060 multa
506 1003 658 1060 vibrantes
679 1021 772 1060 messe
791 1003 920 1075 novales,

176 1100 392 1178 Triticeamque
410 1100 491 1158 ultro
511 1105 647 1177 segetem,
668 1101 842 1178 viciamque,
863 1101 1029 1178 fabamque,

177 1197 309 1275 Linquis‚
331 1203 361 1257 et
381 1203 483 1256 erectae
503 1197 685 1274 penetrabile
705 1198 822 1256 culmen
843 1199 968 1256 aveuael
993 1185 994 1188 Ἴ

177 1295 285 1353 Jamne
304 1300 373 1354 tuos
392 1302 513 1369 mentae,
536 1295 639 1353 ovium
658 1301 689 1352 et
702 1296 845 1354 ¹rodentis
865 1296 958 1370 saecla,

178 1391 227 1466 Et,
248 1392 343 1451 tutela
363 1393 432 1470 vagi
452 1392 574 1469 pecoris,
596 1412 661 1470 quae
681 1393 811 1470 plurima
832 1413 922 1470 eaepes

179 1492 336 1569 Implicitis
356 1493 459 1569 planos
479 1491 620 1549 distinxit
643 1491 772 1549 cratibus
793 1493 896 1568 agroal

178 1589 286 1648 Jamne
306 1595 337 1646 et
356 1587 494 1665 ripicolas
514 1587 674 1645 fluviorum
695 1587 728 1644 in
747 1588 881 1666 margine
901 1587 995 1660 flores,

179 1687 258 1744 Lilia
276 1687 489 1771 paeoniamque,
512 1683 632 1762 Aprilis
652 1685 736 1758 dona,
759 1687 927 1758 rubentem,

179 1785 279 1842 Usum
297 1784 330 1841 in
350 1783 556 1859 nympharum,
579 1787 609 1839 et
629 1781 754 1839 nuribus
776 1781 949 1839 redimicula
969 1781 1078 1839 castial
1160 1836 1163 1841 .

179 1882 226 1938 At
245 1899 340 1958 neque
360 1885 391 1936 te
411 1878 507 1936 multo
527 1878 677 1936 vindemia
698 1879 811 1935 consita
830 1872 906 1955 palo,

181 1979 311 2055 Quaeque
330 1977 513 2054 genistarum
532 1975 609 2032 laesis
629 1982 690 2033 stat
709 1976 879 2034 amantibus
898 1976 1013 2049 umbra,

181 2076 324 2135 Detineat
333 2094 343 2148 ,·
364 2093 419 2132 nec
439 2074 513 2131 litus
534 2073 628 2150 inops,
649 2073 816 2150 ignavaque
838 2092 916 2147 saxa,

181 2174 323 2251 AEquoris
343 2173 376 2229 in
396 2173 536 2230 scatebris
555 2172 607 2229 ubi
628 2171 729 2228 mollia
748 2171 859 2247 frigora
879 2176 986 2247 captas.

183 2273 232 2330 Sic
251 2270 368 2348 Regina
383 2271 478 2347 jubet,
499 2277 599 2330 tecum
619 2269 681 2327 haec
702 2270 842 2328 viridaria
862 2270 934 2327 ludo

186 2371 258 2440 Quae
279 2377 384 2440 terere,
405 2375 436 2427 et
458 2369 557 2427 dulces
577 2368 720 2444 dignatur
740 2369 817 2426 inire
838 2368 967 2426 choreas

184 2471 230 2528 At
250 2468 357 2546 bijugis
377 2473 457 2525 actos
477 2466 643 2543 pavonibus
665 2466 762 2542 aspice
783 2467 905 2523 currus!

186 2569 255 2645 Ipsa
274 2567 351 2639 veni,
373 2566 593 2641 Dominamque
612 2563 671 2640 pio,
693 2563 780 2635 Diva,
803 2564 902 2640 accipe
922 2564 1020 2622 vultu.

942 2679 966 2721 ο.
983 2680 1012 2720 u

478 2919 593 2983 vexata
615 2918 760 2985 &naalia

187 3055 221 3114 SI
242 3055 332 3114 Terra
353 3076 369 3114 e
389 3056 474 3132 pistis
495 3061 645 3116 constaret
665 3056 820 3132 inhospita
840 3053 944 3131 pomis,

188 3157 222 3216 Si
241 3159 318 3216 foret
340 3157 475 3215 Oceanus
495 3156 573 3214 vasti
593 3155 675 3213 lacus
695 3154 864 3226 atramenti,

188 3255 222 3312 si
240 3256 312 3314 folia
331 3254 365 3313 in
385 3256 468 3313 silvis
488 3254 632 3331 panisque
652 3257 683 3310 et
704 3271 805 3310 caseus
826 3257 964 3310 essent*

187 3356 249 3413 Pro
269 3355 401 3414 facinus!
422 3374 475 3431 per·
495 3373 548 3430 ego
568 3351 622 3408 hos
643 3349 748 3423 oculos,
770 3369 823 3426 per
843 3348 945 3421 sidera,
967 3346 1072 3406 vellem

188 3456 318 3528 Discere,
339 3454 412 3531 quid
432 3453 567 3511 biberent
587 3450 720 3509 sitientia
739 3449 822 3506 saecla
841 3447 990 3504 virorum!

937 3561 968 3602 Η.
985 3561 1013 3602 n.
