2514 4096
435 391 438 395 .
483 339 739 414 ARUNDINES
765 338 881 401 OAMI.

472 772 474 774 Ι
618 812 750 890 statua,

294 983 320 1042 Ο
342 999 424 1042 rems
443 982 536 1056 meus,
552 979 584 1041 Ὀ
605 982 696 1052 furer,
717 981 852 1059 Oupidol

295 1097 321 1156 Ο
342 1098 396 1175 qui
415 1097 467 1171 sol,
489 1097 586 1156 medio
606 1098 741 1157 vibratus
760 1092 825 1169 axe,

295 1213 417 1285 Horres,
439 1214 506 1291 plus
526 1213 620 1271 nimio
640 1213 715 1272 mihi
736 1212 880 1285 obtuenti,

295 1327 553 1405 Flammarumque
573 1327 642 1386 salis
661 1327 775 1386 calente
795 1327 888 1385 fibral
1007 1311 1008 1316 ἵ

294 1439 351 1514 En,
372 1445 504 1503 mentem
523 1411 721 1517 aequanirnam
740 1440 888 1512 abdicans,
911 1440 1058 1514 omittens,

297 1553 353 1627 En,
374 1553 472 1631 putris
490 1553 556 1611 viee
575 1553 688 1611 frondis
709 1560 740 1612 et
759 1554 884 1624 caducae,

299 1669 402 1746 Raptu
422 1669 560 1745 praepetis
580 1669 698 1752 ariferor
717 1669 871 1746 procellae!

300 1782 398 1853 Quam
417 1784 473 1841 sub
493 1784 639 1842 moenibus
659 1783 741 1842 urbis
760 1783 925 1861 inquietem

300 1897 452 1984 Hesterna
471 1885 558 1957 mode
578 1905 665 1957 noete
684 1899 866 1976 perviglavil

302 2006 382 2099 Quos
401 2028 502 2067 amnes
522 2009 657 2095 sitiebam
677 2008 783 2066 adusta
803 2013 834 2066 et
854 2003 983 2066 imbres!

302 2122 509 2194 Qua-blandos
528 2124 594 2182 viee
611 2123 768 2200 provoluta
786 2124 873 2182 flores

303 2236 476 2295 Pressabam
496 2237 608 2315 gremio
627 2213 729 2296 furens
750 2243 781 2295 et
801 2236 864 2295 ori!

201 2361 204 2364 ’
304 2350 353 2410 Ut
372 2351 556 2409 flammantia
575 2358 681 2429 tesqua
700 2351 854 2425 metiebar,

306 2465 347 2523 Et
367 2467 503 2544 squalens
523 2465 608 2525 oculo
628 2467 771 2544 sequebar
790 2466 908 2543 aequorl

307 2581 400 2639 Illum
418 2601 479 2640 vox
497 2582 572 2639 milri
592 2582 699 2660 siqua
717 2582 896 2655 nominabat,

308 2694 356 2753 Ut
376 2695 475 2773 lapsus
495 2696 575 2754 color
595 2703 626 2756 et
645 2696 770 2755 subinde
790 2696 890 2754 fusus!

309 2808 357 2868 Ut
376 2809 463 2868 eorde
482 2811 645 2869 innumerae
665 2810 780 2888 ignium
800 2811 916 2889 sagittae

310 2922 386 2980 Fixo
407 2923 566 2998 dissiliunt,
587 2925 737 3002 latratque
757 2925 886 2983 vulnus!

311 3039 338 3098 0
359 3040 437 3118 ignis
456 3062 548 3114 meus,
569 3044 596 3102 Ο
616 3012 706 3118 finer,
729 3044 863 3122 Cupido!

311 3154 377 3224 Quo
397 3177 445 3216 me
465 3157 597 3216 suaviolo
617 3157 701 3217 ferox
720 3156 818 3215 tenaci

311 3269 445 3335 Exsuxit
463 3272 558 3346 labiis,
579 3277 616 3331 ut
635 3291 708 3330 aura
727 3272 825 3330 rores!

1098 337 1156 399 301
