2514 4096
362 365 617 424 ARUNDINES
642 365 754 426 OAMJ.
977 368 1035 428 357

972 491 1039 498 ,-..

330 766 397 830 &st
416 784 523 848 pansos
543 767 650 841 metuit,
673 769 799 848 punitus.

167 939 312 1000 Jusrmn
331 940 459 1018 gaudere
480 941 580 1000 Deum
601 943 643 1000 sic
662 943 768 1020 collige
774 963 783 1017 3
805 963 905 1020 poenas

208 1037 269 1108 Qui
288 1058 431 1114 meruere,
452 1039 562 1099 timent
568 1059 578 1114 3
606 1041 659 1119 qui
678 1042 815 1116 timuere,
836 1041 933 1100 luunt.

839 1155 865 1196 Β.
881 1155 912 1196 Η.
929 1155 959 1196 Κ.

436 1396 678 1408 ῥ’,-

321 1830 331 1847 .
384 1741 425 1805 aa
444 1741 596 1822 suanus
615 1741 749 1816 lusus

90 1905 153 1976 QUI
169 1906 250 1982 jacet
270 1904 319 1963 hio
340 1904 433 1963 tacito
453 1923 567 1982 pauper
586 1905 641 1962 sub
662 1903 780 1981 caespite
800 1903 893 1976 miles,

130 2001 198 2060 Hoc
217 2001 316 2080 lapide
336 2007 367 2060 et
389 2002 515 2059 memori
535 2002 665 2058 carmine
686 2001 784 2059 dictus
805 2001 870 2060 erit.

90 2099 182 2157 Mane
197 2099 369 2176 juventutis
388 2098 553 2176 peregrinis
573 2099 683 2156 solibus
703 2103 771 2156 usto

130 2197 301 2255 Adfuerant
321 2198 443 2256 comites
465 2215 604 2272 morsque
623 2197 767 2274 laborque
786 2197 850 2256 viae.

91 2294 153 2352 Hic
173 2294 247 2353 colle
267 2295 300 2352 in
320 2295 417 2372 patrio
437 2294 611 2394 tranquilla·
622 2295 794 2371 crepuscula
814 2296 883 2352 vitae

133 2392 248 2451 Clausit
268 2399 299 2451 et
319 2400 488 2453 extremum
508 2395 596 2451 tarda
615 2400 734 2453 senecta
754 2395 841 2453 diem.

92 2491 180 2562 Quod
200 2492 225 2550 si
244 2491 323 2551 bella
343 2493 415 2550 olim
435 2498 576 2570 pugnata,
597 2497 755 2568 trucesque
776 2492 950 2570 triumphos

133 2588 265 2647 Nomina
285 2590 310 2648 si
330 2610 450 2649 caneres
470 2589 661 2667 semisepulta
681 2591 800 2663 ducum,

92 2685 260 2745 Scintillare
281 2687 367 2759 oculi,
390 2688 547 2764 subitoque
568 2688 723 2746 accendier
744 2687 821 2764 igne,

135 2783 270 2862 Totaque
290 2784 420 2861 longaevi
441 2785 580 2843 Nestoris
600 2805 652 2843 ora
672 2785 762 2862 loqui.

95 2883 189 2960 Carpe
205 2883 293 2940 rudes
311 2882 433 2955 herbas3
455 2901 535 2940 sacer
552 2888 597 2941 est
614 2883 704 2955 locus,
723 2883 851 2961 Hospes,
869 2883 902 2941 in
926 2885 1046 2959 umbra3

135 2981 157 3038 J
158 2999 207 3039 am
227 2980 297 3038 caelo
318 2980 431 3038 fruitur
451 2982 574 3058 spiritus
594 2983 651 3040 iste
672 3001 741 3055 su03

95 3076 177 3147 Quin
197 3077 351 3154 clangente
372 3078 446 3136 tuba
465 3084 567 3155 surget
587 3079 624 3137 de
644 3079 767 3156 pulvere
787 3079 893 3156 pulvis,

124 3173 176 3233 'Et
196 3175 300 3234 reddet
320 3175 429 3234 fortem
449 3177 504 3234 sub
524 3177 599 3255 pede
619 3183 699 3236 terra
720 3178 826 3237 virum.

890 3293 921 3334 Β.
937 3292 965 3333 Ι).
