2514 4096
376 356 631 420 ARUNDINES
656 359 768 421 CAMI.
989 359 1046 417 105

142 591 214 668 Ergo
235 591 333 650 oriens
353 591 482 650 Phoebus
502 592 560 650 tibi
580 593 704 664 calfacit,
727 591 828 665 Anna,
850 593 1036 669 sepulcrum3

174 689 228 747 Ad
248 690 437 747 decedentem
457 691 601 748 sternitur
621 691 671 757 ille
692 691 790 748 diem:

142 785 195 844 sed
212 788 278 844 leve
298 787 433 860 tiliolum,
455 808 577 846 nascens
598 787 761 864 Corydonis
781 788 820 846 ab
840 808 924 856 urna,

175 883 213 941 In
231 885 380 962 gremium
400 885 526 943 domines
548 886 659 944 dicitur
678 886 736 944 isso
756 905 824 944 snae.

142 1161 228 1244 Venit
247 1163 285 1219 ab
304 1161 430 1220 hiberno
450 1162 533 1220 furor
552 1161 766 1220 illacrimabilis
787 1161 875 1234 Euro,

174 1260 215 1318 Et
235 1261 285 1337 pia
304 1260 415 1318 decidit
434 1261 517 1318 basia
536 1261 645 1319 lilioli:
712 1295 715 1301 .

142 1357 272 1416 iurrexit
292 1360 398 1429 subito,
421 1359 579 1435 subitoque
600 1357 730 1429 evanuit,
752 1357 832 1414 idem

173 1455 291 1531 Hospes
311 1463 341 1512 et
361 1455 497 1512 infaustae
518 1454 656 1513 flosctdus
676 1455 747 1512 exul
768 1453 861 1510 humi.

883 1549 917 1590 Η.
932 1549 960 1589 n.
1042 1557 1044 1560 >

460 1801 703 1810 m

332 2052 336 2058 '
367 2033 369 2038 ’
394 2031 452 2110 §tt
471 2038 522 2103 uu
541 2049 614 2102 urta
636 2038 742 2117 putta.

142 2214 195 2285 2111
215 2218 246 2270 te
266 2231 341 2289 saepe
360 2213 453 2289 gravi,
476 2211 548 2269 dum
569 2211 656 2283 vixit,
679 2209 809 2287 pondere
828 2209 946 2286 pressit,

172 2309 265 2367 Hunc
285 2329 385 2387 preme
405 2309 577 2367 defunctum
598 2307 736 2383 pondere,
757 2306 855 2378 Terre,
878 2305 971 2382 gravi.

840 2421 866 2462 u
882 2420 913 2461 Η.
930 2420 960 2461 K.

449 2651 691 2661 .-....----

379 2940 381 2944 ⁴
419 2892 460 2955 itu
479 2891 606 2959 tantitas
627 2892 711 2955 ttrtt.

142 3073 215 3114 amn
235 3057 292 3115 tibi
311 3057 377 3116 visa
396 3057 458 3129 est,’
479 3059 631 3135 respondit
651 3059 782 3136 nuntius,
797 3060 865 3131 ales,

142 3152 220 3210 [ortis
240 3154 350 3212 adortae
370 3155 530 3228 hominem,
552 3157 603 3214 sed
625 3157 754 3234 plurima
774 3158 878 3214 mortis
898 3157 1002 3236 imago,

142 3251 226 3308 nima
246 3252 285 3309 ad
304 3251 489 3326 horrendam,
511 3254 681 3312 tristissima
701 3273 833 3331 quaeque,
856 3275 1014 3314 cavernam

142 3350 251 3408 tvia:
272 3350 420 3408 vestibulo
440 3351 473 3408 in
492 3353 589 3428 primo
609 3360 711 3410 tamen
732 3354 828 3410 acrius
848 3354 908 3411 illae

142 3449 267 3506 rificant
287 3467 413 3521 sensum,
435 3469 525 3525 quam
545 3450 571 3506 si
591 3451 792 3528 penetraveris
813 3452 901 3511 ultra.
