2514 4096
385 353 644 413 ABUNDINES
669 353 786 415 OAMI.
1005 355 1061 416 179

144 667 146 671 ’
232 652 319 711 Flore
339 652 516 730 impeditum
521 675 530 729 3
549 673 661 731 perque
682 673 778 712 sacros
798 654 885 728 focos,

229 751 271 809 Et
290 759 458 810 consecrato
478 752 511 808 in
531 753 640 829 cespite
659 753 819 829 praesidum

269 848 317 907 De
336 854 423 906 nocte
444 848 595 925 suspirant
615 850 721 907 omisso

310 947 411 1004 Turba
430 947 542 1004 Larum
563 947 784 1024 Lemurumque
804 947 905 1008 cultu:

229 1042 271 1102 Et
290 1044 371 1102 inter
390 1063 480 1101 urnas
500 1045 599 1102 tenuis
617 1044 774 1124 anhelitus,

228 1141 368 1216 Arasque
387 1140 499 1197 circum
520 1159 644 1217 sparsus,
668 1146 698 1198 et
717 1140 846 1199 invicem

270 1237 412 1313 Dilapsus
432 1238 548 1295 areanis
568 1239 670 1296 timori
690 1244 736 1296 eet

307 1335 493 1394 Fluminibus
514 1336 611 1394 medio
632 1341 795 1413 apparatu3

230 1434 415 1512 Signumque
435 1435 559 1492 ductum
578 1455 724 1492 marmore
744 1434 855 1512 frigido

227 1531 351 1590 Sudoris
370 1533 424 1590 udi
445 1533 540 1590 stillat
560 1533 696 1609 imagine,

271 1629 417 1708 Sellisque
438 1630 488 1702 Di,
510 1650 601 1707 regno
623 1629 714 1707 potiti

313 1727 445 1806 Quisque
466 1748 527 1799 suo,
548 1728 668 1806 fugiunt
688 1729 806 1788 relictis.

514 1841 517 1845 ’
824 1842 856 1884 Η.
873 1843 893 1884 Ι.
909 1843 931 1886 S.
948 1844 978 1886 M.

454 1979 704 1988 ——-—--.-—-

371 2179 448 2243 litter
468 2188 513 2248 est
531 2179 656 2249 insanior
675 2181 794 2254 totum?

197 2345 200 2352 '
233 2335 259 2394 Ο
280 2353 337 2394 'run
356 2337 431 2395 mihi
452 2338 583 2412 dolende,
606 2338 659 2417 qui
678 2340 756 2398 nulli
775 2338 887 2416 places!

233 2433 259 2491 0
281 2434 389 2492 millies
409 2435 540 2510 dolende,
564 2437 612 2495 oui
631 2458 719 2496 nemo
739 2438 849 2516 placet!

856 2560 931 2602 B.H.
949 2559 978 2601 Κ.

460 2723 710 2732 -,--.-.-

475 2960 708 3024 ΕΥΘΑΝΑΣΙΑ.

233 3112 383 3172 Pnnvonn
402 3113 512 3171 liberat
532 3114 627 3173 vitem
648 3116 805 3191 Melitilla;
828 3118 879 3176 sed
899 3118 989 3178 eheul

274 3211 437 3288 Displicuit
457 3211 551 3270 nimia
571 3219 659 3289 potus
679 3214 833 3272 amaritie:

231 3308 355 3368 Leniter
374 3310 487 3368 emovit
507 3317 609 3369 tenero
630 3319 745 3370 cratera
765 3312 880 3387 labello,

271 3407 377 3486 Atque
397 3409 507 3468 iterum
528 3430 630 3469 somno
650 3411 765 3469 lumina
785 3412 956 3489 composuit.

859 3525 885 3566 n
902 3525 933 3565 Η.
950 3524 979 3566 Κ.
