2514 4096
367 357 622 418 ARUNDINBS
644 357 760 425 esur.
999 362 1036 419 23
1131 348 1133 353 ’

131 727 215 786 Hinc
234 731 266 784 et
284 725 354 785 hinc
373 729 536 783 nocturnus
555 722 654 782 herbis
673 722 701 782 it
719 724 856 803 reditque
875 727 1005 807 spiritus,

131 825 198 896 Quo
218 844 306 902 super
325 823 412 882 seiire
431 823 495 880 visa
513 827 687 881 transeunte
706 822 802 882 sidere
811 841 822 896 ;

131 923 196 981 Nec
216 923 294 981 diem
313 921 451 980 tantillus
471 920 578 978 humor
596 920 754 997 inquinare
773 922 903 1000 cogitat:

131 1020 202 1099 Ipsa
221 1019 351 1079 Domina
369 1019 517 1092 feriarum,
539 1018 626 1096 pubis
645 1024 677 1078 et
696 1018 836 1097 Princeps
856 1040 912 1079 ero.

130 1534 259 1593 Beliides
274 1535 338 1612 jem
357 1535 457 1612 prodit
477 1535 572 1592 omnis
592 1535 674 1593 cellis
694 1541 726 1593 et
745 1534 924 1593 ranunculos
934 1555 944 1609 3

128 1631 306 1710 Floridoque
324 1633 410 1691 laetus
430 1632 514 1690 alveo
534 1632 618 1690 saliet
637 1634 732 1691 amnis
752 1633 887 1711 inquies:

129 1728 259 1789 Domine
277 1749 405 1808 namque
424 1729 572 1803 feriarum,
594 1729 681 1806 pubis
702 1735 732 1789 et
752 1729 895 1807 Princeps
915 1750 971 1788 ero.

129 2147 232 2226 Surge,
251 2155 355 2225 mater,
376 2157 407 2210 et
426 2172 500 2211 voca
518 2174 574 2226 me,
596 2173 683 2213 mane
702 2174 792 2231 quam
811 2155 993 2229 maturrime,

128 2246 201 2304 Ores
220 2247 300 2305 enim
319 2250 444 2307 recentis
463 2251 535 2308 anni
554 2251 609 2308 lux
629 2253 686 2310 erit
705 2252 855 2311 lectissima
864 2273 873 2327 ;

127 2343 200 2403 Ores
213 2346 347 2416 recentis,
360 2353 462 2421 meter,
474 2348 546 2406 anni
559 2368 648 2426 quam
661 2342 777 2427 procas,
793 2371 883 2428 quem
896 2352 1030 2430 perdita!

126 2441 197 2519 Ipsa
217 2441 347 2503 Domine
366 2445 514 2521 feriarum,
534 2448 622 2524 pubis
640 2455 673 2507 ct
693 2448 833 2528 Princeps
852 2469 909 2508 ero.

876 2582 949 2624 au.

424 2709 671 2721 -——..—......

440 2868 543 2943 mus,
563 2869 668 2942 sitite.

245 2998 343 3073 Mrc‘u,
364 2999 447 3072 mica,
468 3020 560 3078 parve
580 3001 690 3075 Stelia3

245 3095 350 3170 Miror,
371 3117 508 3174 quaenem
527 3099 567 3156 sis
586 3104 649 3157 tem
669 3099 767 3158 belle!

244 3194 408 3271 Splendens
428 3196 542 3254 eminus
561 3196 595 3253 in
613 3196 673 3269 illc,

244 3292 326 3350 Alba
345 3292 429 3350 velut
447 3312 570 3369 gemme,
591 3292 667 3351 caelo.

244 3387 370 3459 Quando
389 3389 505 3448 fervens
525 3389 577 3448 Sol
597 3390 736 3462 discessit,

245 3487 310 3545 Nec
329 3487 424 3546 ceiore
443 3492 528 3564 prata
546 3488 648 3564 pascit,

129 1434 177 1493 At
196 1435 313 1509 virebit,
333 1441 366 1494 et
384 1435 497 1512 vigebit
517 1435 578 1492 otio
598 1435 691 1494 saltus
711 1455 791 1495 sacro
801 1455 811 1511 3
