2514 4096
367 341 632 405 ABUNDINES
656 340 769 403 OAMI.
985 344 1043 405 257

442 743 565 818 lasau
584 740 688 806 dolor.

174 900 216 960 ‘0
236 915 356 962 savona
375 885 507 972 fratrein,
528 918 640 974 revoca,
661 900 811 960 carissima
830 907 926 961 mater
935 923 945 977 ;

214 1017 300 1076 Solus
320 1017 400 1076 enim
419 1035 534 1094 nequeo
553 1015 663 1088 ludere,
685 1015 778 1074 fessus
798 1035 869 1077 ero:

175 1131 251 1191 (lum
269 1132 358 1210 pictis
378 1131 490 1209 apibus,
512 1131 596 1190 venit
616 1151 685 1189 oum
704 1131 826 1189 floribus
845 1137 951 1191 aestas:

213 1248 303 1342 Heul
324 1249 432 1326 quibus
452 1249 486 1307 in
505 1248 588 1307 eaecis
607 1248 728 1306 abditur
747 1247 799 1308 ille
817 1247 910 1308 looisl

173 1387 268 1490 Trans
283 1431 374 1510 jubar
393 1431 492 1489 aurati
511 1431 640 1490 volitans
660 1394 804 1489 niutabile
824 1431 895 1490 solis

213 1545 276 1606 Ala
295 1546 405 1624 papilio
424 1545 599 1605 versicolore
618 1547 710 1606 micat
719 1565 729 1619 3

174 1658 215 1719 Et
234 1660 325 1719 micet·
344 1660 501 1719 incolumis
510 1679 520 1734 3
540 1680 593 1737 per
612 1680 660 1720 me
679 1660 820 1720 volitabit
839 1659 975 1720 inultus:

215 1772 242 1832 0
262 1773 363 1832 redeat
382 1778 517 1832 nostram
536 1773 637 1847 frater,
659 1779 695 1833 ut
714 1780 792 1847 ante,
814 1773 954 1834 domuml

174 1954 293 2014 Intonsi
312 1954 451 2014 exultant
470 1913 562 2028 flores,
586 1974 675 2032 quem
695 1954 824 2014 serimus
844 1955 985 2029 hortum;

213 2071 330 2130 Arbore
350 2072 406 2130 sub
425 2071 528 2149 patula
547 2091 613 2149 quae
633 2070 761 2129 rubuere
781 2089 875 2131 rosae:

174 2184 257 2244 Vitis
276 2185 431 2262 dependet·
444 2185 547 2244 crassis
567 2190 689 2244 onerata
709 2186 853 2245 racemis:

215 2299 248 2359 Si
267 2320 387 2360 revocas
403 2295 536 2375 tratrem,
558 2304 595 2361 tu
614 2300 691 2358 mihi
711 2304 808 2358 mater
827 2297 903 2358 eria’

177 2482 284 2542 ‘Heul
305 2502 366 2540 non
385 2482 503 2541 audiret·
521 2487 656 2555 matrem,
677 2482 811 2556 formose,
831 2487 997 2553 vocantem,

215 2598 312 2670 Quem
331 2605 473 2676 poterunt
492 2598 582 2656 nullae
602 2599 760 2657 sollicitare
779 2618 897 2676 preces:

175 2713 233 2772 Ille
252 2710 354 2771 oculus
373 2712 481 2785 ridens,
502 2712 649 2789 faciesque
669 2713 822 2771 simillima
841 2713 914 2788 veri,

215 2826 257 2887 Et
276 2847 331 2886 nos
351 2833 382 2886 et
402 2834 538 2886 nostrum
558 2828 721 2887 destituere
742 2828 829 2888 diem.

174 3009 242 3070 Sole
261 3012 317 3070 sub
336 3010 436 3089 aprico
456 3011 530 3089 quid
550 3011 576 3069 si
594 3011 683 3070 breve
704 3010 846 3089 carpserit
864 3002 984 3071 aevuinl
1058 3079 1060 3083 ,

214 3126 375 3205 Splendida
395 3126 513 3186 decidui
531 3130 665 3204 tempora
684 3126 765 3184 floris
784 3126 886 3187 habet.

174 3241 200 3316 Ι,
220 3261 302 3319 puer,
325 3246 356 3300 et
376 3242 462 3300 ludos
481 3247 581 3300 tecum
600 3241 744 3300 meditare
764 3241 894 3299 novellos
904 3261 913 3315 ;

213 3355 279 3414 Nee
298 3374 389 3434 geme,
411 3356 490 3434 quod
510 3355 579 3415 caelo
599 3357 726 3434 gaudeat
745 3357 796 3417 ille
816 3357 887 3417 suo?
