2514 4096
367 349 629 412 ARUNDINES
652 349 765 413 unul.
986 352 1041 410 119

444 697 532 762 villu
551 697 685 765 name.

173 856 245 918 An!
272 856 388 935 quoties
407 854 460 913 illo
479 855 634 924 cessabam·
647 855 747 914 lentus
766 855 800 912 in
818 874 897 933 agro,

215 954 346 1013 Miratus
367 953 497 1032 placidas
517 951 599 1010 culta
618 972 672 1030 per
692 971 764 1010 arva
783 971 871 1026 casas,

174 1053 215 1112 Et
234 1053 298 1111 loca
317 1071 376 1129 qua
395 1051 522 1129 pistrina
542 1051 716 1127 sequacibus
735 1051 881 1128 adstrepit
901 1050 998 1123 undis,

213 1148 386 1226 Mundeque
405 1148 511 1206 vicinis
531 1147 632 1205 addita
652 1147 763 1225 templa
778 1148 867 1226 jugis,

173 1247 215 1305 Et
233 1247 355 1304 frutices
374 1246 465 1318 laetos,
487 1251 629 1323 aptasque
649 1246 817 1306 sedentibus
837 1246 965 1318 umbras,

213 1343 272 1402 Seu
292 1343 407 1401 senium
426 1347 545 1416 musset,
568 1343 638 1400 sive.
650 1346 783 1401 susurret
804 1362 892 1402 amor.

172 1440 238 1499 Ab!
261 1439 377 1517 quoties
395 1445 480 1517 grato
499 1440 662 1498 venerabar
680 1446 797 1517 pectore
816 1440 920 1512 lucem,

216 1537 293 1596 Oum
312 1538 401 1595 misso
421 1537 592 1614 exciperent
611 1557 704 1614 pensa
723 1537 823 1596 labore
839 1538 909 1614 joci,

174 1635 331 1714 Multaque
350 1634 484 1693 ruricolae
504 1639 695 1712 properarent
715 1635 833 1712 agmina
852 1635 948 1693 turbae

214 1733 330 1792 Ducere
350 1733 405 1791 sub
424 1731 527 1809 patula
546 1731 650 1790 fronde
669 1731 766 1788 soluta
786 1730 896 1790 choros.

173 1831 250 1890 Tum
268 1830 327 1888 fuit
346 1829 484 1887 umbrosa
503 1835 648 1906 quantum
668 1833 818 1886 certamen
837 1829 940 1886 arenul

215 1928 376 1988 Oolludunt
394 1927 527 2004 juvenes,
550 1925 755 2002 aspiciuntque
775 1945 873 1998 senes3

173 2027 407 2104 Innumerosque
427 2025 507 2083 cient
527 2029 636 2082 vexato
656 2024 690 2081 in
710 2023 843 2101 gramine
863 2042 960 2101 gyros,

213 2124 417 2182 Membrorum
437 2128 542 2200 vegete
561 2122 600 2193 vi,
623 2121 769 2199 celerique
789 2139 891 2178 manu.

173 2222 337 2300 Displiceat
356 2221 445 2278 toties
465 2220 567 2278 eadem
587 2219 714 2297 repetita
734 2218 888 2295 voluptasl

213 2320 352 2379 Inveniet
372 2320 457 2378 ludos
476 2319 546 2378 laeta
566 2325 685 2376 caterve
704 2336 806 2375 novos.

174 2419 319 2478 Certatim
338 2418 497 2475 innocuam
518 2417 571 2493 qui
590 2416 756 2493 produxere
776 2414 921 2485 choream,

213 2516 261 2579 Ut
280 2515 404 2594 pedibus
423 2514 551 2593 simplex
570 2514 665 2591 gloria
684 2519 770 2590 parta
789 2512 883 2583 foret3

174 2612 315 2685 Rusticus
334 2613 465 2691 inspersa
484 2612 578 2670 foedus
597 2611 721 2688 fuligine
741 2609 869 2680 vultum,

214 2711 274 2780 Qui
294 2715 394 2768 movet
414 2711 552 2782 occultos,
574 2708 689 2766 nescius
709 2708 779 2784 ipse,
797 2707 879 2783 jocos
885 2725 895 2778 ;

173 2807 309 2886 Virginis
329 2807 471 2865 indictam
490 2805 647 2884 prodentia
665 2804 780 2861 lumina
800 2797 957 2872 flammam,

214 2904 346 2983 Quaeque
366 2904 450 2962 oculo
470 2910 566 2961 mater
585 2893 639 2960 vix
658 2901 814 2979 prohibere
834 2899 948 2956 velit—

175 3002 241 3062 Hos
260 3002 381 3061 comites
401 3002 489 3073 inter,
510 3000 592 3059 sedes
613 2999 730 3066 dilecta,
749 2996 857 3054 laboris

213 3096 358 3158 Dulcibus
377 3098 501 3156 immisti
520 3096 586 3155 lene
606 3095 740 3173 placebat
760 3112 852 3165 onus;

173 3196 248 3255 Haec
267 3196 326 3255 tibi
345 3195 538 3272 tranquillam
557 3194 707 3271 spirabant
726 3191 859 3270 undique
879 3209 998 3268 pacem;

213 3294 288 3353 Haec
308 3292 456 3352 tibi-sed
475 3297 561 3351 notos
581 3291 735 3350 deseruere
756 3289 848 3348 locos!

933 3411 957 3452 n
