2514 4096
421 355 679 417 ARUNDINES
705 355 818 416 OAMJ.
1038 357 1095 419 169

482 685 579 751 tinto
597 685 750 755 ddecus.

182 848 216 907 Sr
235 849 311 911 bene
330 848 398 928 quis
417 848 495 908 varii
515 849 687 926 cognoverit
705 849 807 908 omina
826 850 900 926 caeli,

220 964 293 1024 Non
312 970 424 1024 temere
443 964 513 1022 huic
533 963 641 1022 subitis
662 964 758 1023 obfuit
778 963 875 1023 imber
893 966 996 1044 aquis3

183 1077 302 1138 Scilicet
321 1079 356 1137 in
374 1085 470 1139 terres
490 1079 542 1137 ubi
562 1078 602 1137 sit
622 1080 740 1136 ruitura
760 1079 898 1156 procella,

221 1193 366 1271 Undique
386 1194 460 1253 dant
480 1199 575 1253 certas
594 1193 724 1270 plurima
743 1193 828 1271 signa
846 1200 942 1256 notas.

182 1307 301 1368 Desinit
320 1314 451 1369 assuetos
470 1307 591 1368 venturi
609 1307 731 1386 praescia
750 1306 844 1381 ludos,

220 1422 286 1482 Nec
305 1424 441 1500 sequitur
461 1422 586 1483 caudam
605 1422 680 1495 felis,
702 1426 738 1479 ut
757 1427 835 1495 ante,
857 1441 962 1486 suamc
1001 1446 1003 1451 ⁴

179 1537 307 1599 Putrida
326 1544 480 1617 corruptos
500 1538 618 1598 sentina
638 1537 751 1596 emittit
772 1538 882 1613 odores,

219 1654 296 1714 Oum
315 1655 465 1734 propriam
485 1656 603 1732 repetis,
624 1660 713 1714 nocte
732 1654 864 1730 ineunte,
886 1655 1016 1715 domum.

178 1769 213 1830 si
231 1771 336 1849 sapias,
356 1769 445 1829 hodie
465 1770 507 1828 sit
526 1789 597 1828 cura
617 1768 777 1826 domestica
796 1787 880 1828 coena
888 1788 900 1843 3

217 1885 325 1945 Mensa
344 1905 399 1945 nec
418 1885 541 1943 alterius
561 1885 683 1944 suadeat
702 1884 747 1942 ire
767 1883 846 1942 foras
855 1901 866 1956 ς

179 2000 296 2079 Quippe
314 2002 414 2080 gravis
434 2006 570 2079 sumptus
590 2000 749 2072 conductae,
772 1997 866 2071 crede,
886 1997 1038 2079 quadrigae

216 2115 319 2174 Pluris
338 2116 494 2191 constabit,
516 2135 607 2194 quam
627 2115 711 2173 cibus
730 2113 782 2171 ille
802 2111 891 2174 domi.

177 2229 261 2289 Saeva
280 2230 396 2300 dabunt
416 2230 582 2307 importuni
601 2229 746 2307 presagia
764 2227 844 2299 calli,

216 2344 257 2403 Et
277 2365 373 2403 novus
392 2364 411 2403 a
430 2344 533 2403 fractis
552 2343 694 2402 dentibus
713 2362 807 2420 angor
827 2342 894 2402 erit.

176 2455 300 2530 Oseitat,
322 2456 413 2534 inque
432 2463 525 2516 uncta
544 2457 706 2516 discinctus
725 2456 822 2516 Natta
841 2457 953 2535 popina

215 2569 317 2629 Multa
335 2569 421 2648 piger
441 2569 478 2628 de
497 2589 537 2642 se,
559 2570 596 2629 de
614 2570 694 2631 Jove
713 2572 810 2630 multa
829 2571 919 2632 dolet

176 2681 297 2744 Interea
316 2685 448 2744 madidas
467 2684 582 2743 Auster
601 2685 700 2762 quatit
718 2685 860 2747 humidus
879 2687 950 2762 adas,

215 2797 257 2857 Et
275 2798 394 2858 tristem
412 2798 507 2857 nubes
527 2804 651 2876 occupat
669 2804 736 2858 atra
755 2799 865 2878 polum,

177 2911 248 2982 Quae
268 2912 361 2971 nimio
381 2911 500 2990 proluta
520 2910 638 2983 haustu,
660 2911 745 2970 velut
765 2912 864 2972 ebrius
883 2911 964 2988 olim,

214 3027 397 3089 Indclibatas
417 3028 528 3086 evomit
548 3048 598 3088 ore
618 3028 715 3105 dapes.

174 3139 333 3220 Suspensas
353 3141 489 3201 Susanna
507 3142 587 3220 rapit
608 3142 645 3200 de
665 3142 796 3202 cannabe
815 3147 920 3218 vestes,

211 3257 322 3319 Fertur
340 3264 377 3318 ut
396 3259 517 3338 obliqua
536 3258 780 3337 primaprocella
799 3260 858 3319 via.

174 3369 222 3432 Sic
240 3373 330 3433 tortis
349 3374 449 3453 agitur
469 3375 506 3434 de
526 3375 622 3452 scopis
641 3374 763 3433 foetidus
782 3375 885 3449 imber,

212 3488 326 3549 Praeter
345 3489 515 3568 inexpertas
534 3495 566 3549 te
585 3496 764 3567 properante
783 3490 880 3551 fores:
