2514 4096
167 272 171 466 Ι
471 353 728 414 ARUNDINES
754 350 871 414 OAMI.
1108 354 1146 412 85

577 591 607 645 Η
635 587 759 652 ΘΥΣΙΑ.

308 713 372 777 'Ar'
393 715 449 790 οὖν,
472 716 619 780 σκοτεινόν
637 716 819 796 ἐξερευνήσας
838 717 940 799 μυχόν,

317 814 376 875 οἶον
395 817 637 893 μεσημβρινοῖσιν
657 820 687 876 ἐν
705 816 817 896 χρόνοις
837 820 920 894 φιλεῖ

317 912 407 973 εἴδωλ’
426 916 548 985 ἐνοικεῖν,
569 913 658 974 Λαΐου
678 912 828 992 πεσήμασι

315 1010 382 1090 παρ’
401 1010 541 1073 όστίνοισι
561 1011 670 1074 σκάπτε
687 1037 738 1092 μοι
756 1011 867 1090 τόφρου
885 1011 984 1090 βόθος.

318 1109 351 1171 οὔ
370 1110 425 1193 γάρ
445 1136 474 1172 τι
492 1114 614 1191 χλωροῖς
634 1110 697 1171 οὐδὲ
715 1113 823 1174 λαῖνοῖς
841 1112 912 1171 ποτὲ

317 1209 449 1289 χαίρουσι
467 1212 579 1288 βωμοῖς
598 1210 629 1271 οἵ
646 1234 680 1292 γε
700 1209 823 1289 νέρτεροι
843 1208 918 1271 Θεοί.

305 1305 379 1388 ’λέγ’
399 1311 424 1368 εἰ
443 1307 602 1385 πέπρακται
622 1311 728 1378 ταῦτα;

720 1410 786 1468 Ποῖν
807 1409 899 1470 καλοῖς
918 1406 984 1487 ἔχει.

318 1534 361 1615 ἆρ’
381 1535 565 1615 ηὐτρέπισται
584 1534 666 1598 πάνθ’
687 1535 743 1597 ὅσα
763 1541 881 1620 σφαγῆς
901 1537 973 1618 ἔχεις

317 1635 370 1712 τήν
388 1637 503 1714 στεῖραν
523 1633 572 1697 οὖν
592 1633 710 1697 ὄπισθεν
730 1640 768 1701 εἷς
786 1636 898 1714 τάφρον
917 1634 1007 1717 χρεόν

317 1735 431 1817 μόσχον
451 1733 609 1797 καθέλκειν·
631 1740 715 1798 τοῦτο
735 1735 758 1798 δ’
779 1737 808 1797 εὖ
830 1735 969 1814 φόλασσ’,
992 1732 1067 1797 ὅπως

318 1832 434 1913 στεῖρόν
452 1859 484 1895 τε
504 1836 551 1895 καὶ
570 1834 706 1915 μέλαιναν
727 1835 852 1914 αἱμάξεις
871 1839 973 1917 χεροῖν.

318 1933 413 1995 ἔπειτα
432 1935 556 2000 πλεκτὰς
575 1934 618 1997 δεῖ
635 1934 664 1997 σ’
683 1934 838 2013 ἆποθρίσαι
856 1936 962 2016 τρίχας,

317 2031 410 2111 ιῖσπερ
431 2032 552 2111 κεράτων
571 2033 704 2112 ὀμμάτων
723 2032 747 2095 τ’
768 2036 825 2115 ἔχει
844 2033 944 2113 μέσας.

319 2131 458 2211 τρέπεσθε
479 2131 502 2193 δ’
522 2132 589 2213 ὄψιν
608 2137 663 2198 πᾶς
683 2132 753 2212 ἀνήρ
774 2132 824 2213 ἀφ’
843 2131 938 2212 ἡλίου.

319 2230 380 2314 λέγ’
400 2235 425 2292 εἰ
443 2230 602 2311 πέπρακται
621 2235 709 2294 ταῦτα
715 2257 723 2302 ;

704 2332 770 2389 Πόίν
791 2331 883 2395 καλῶς
904 2327 970 2412 ἕχει.

319 2452 385 2514 ἄλλ’
405 2452 498 2532 αἵματ’
519 2451 612 2535 ἔγχεῖν
631 2453 748 2532 αἵμασίν
766 2479 798 2515 τε
817 2453 979 2533 προσφερές

321 2556 395 2615 οἴνου
413 2553 499 2636 γόνος
518 2552 656 2632 μέμνησο,
676 2551 833 2632 παμμήτωρ
854 2551 885 2613 δὲ
904 2556 948 2629 Γῆ

321 2652 408 2732 δῶρον
427 2651 485 2714 τόδ’
506 2650 581 2731 ἱερόν
599 2650 619 2729 ἦ
637 2676 669 2712 τε
688 2649 881 2729 Περσέφασσ’
900 2649 972 2732 ἔχοι·

316 2753 390 2816 τίθες
410 2749 440 2812 δέ
460 2754 522 2814 ταῖς
540 2753 637 2829 ῥοαῖσι
656 2749 815 2832 συγκραθὲν
833 2749 920 2832 γάλα,

321 2849 354 2913 ἵν’
374 2850 490 2930 ότμίσιν
508 2852 652 2931 χαίροντες
672 2853 699 2911 οἱ
720 2849 888 2926 κεκμηκότες

318 2949 419 3012 θαλόαν
440 2947 552 3030 έχωσιν·
572 2955 602 3011 ἔκ
623 2948 653 3010 δέ
671 2975 722 3012 του
740 2951 844 3027 νεκροῖν
863 2948 954 3026 πυρός

322 3033 495 3128 όφαρπόσας
514 3047 552 3110 σι)
572 3048 660 3110 δαλόν
680 3052 717 3112 εἷς
735 3047 846 3124 τόφρον
864 3045 949 3124 βάλε,

319 3145 384 3208 ὅθεν
403 3147 437 3209 τό
457 3145 574 3226 σύμπαν
595 3143 671 3224 κάρτ’
691 3144 820 3218 ἅναζέσει
840 3145 938 3226 φλογί.

319 3244 458 3324 τρέπεσθε
477 3244 501 3306 δ’
521 3245 587 3325 ὄψιν
605 3248 661 3309 πός
680 3243 751 3324 ἀνήρ
771 3243 823 3323 α’φ’
842 3243 934 3322 ἡλίου.

249 3380 252 3385 ¹
318 3343 379 3428 λέγ’
400 3347 424 3407 εῖ
442 3344 601 3424 πέπρακται
618 3347 719 3415 ταῦτα;

724 3443 790 3502 Πιῖν
810 3442 902 3505 καλοῖς
922 3438 987 3521 έχει

1041 3557 1066 3600 Ia.
