2514 4096
416 347 673 430 reaumaus
698 365 814 428 elur.
1049 367 1087 424 25

342 597 417 656 Mox
437 597 567 656 ostendis
586 597 688 657 lumen
708 616 826 674 purum,

243 688 245 692 ¹
343 696 466 770 Mirans,
488 697 606 769 micans,
627 716 681 773 per
701 696 864 755 obscurum.

233 817 238 852 r
342 793 419 866 Tibi,
439 800 530 852 noctu
550 794 603 870 qui
622 799 755 870 vagatur,

302 939 305 943 Δ
342 892 389 950 Ob
409 891 600 959 scintillulam
619 897 774 968 gratatur3

341 989 386 1047 Ni
405 991 527 1048 micares
548 995 590 1062 tu,
613 1009 674 1046 non
694 990 782 1048 sciret

342 1085 422 1156 Quas
441 1087 578 1162 pervias
598 1105 698 1144 errans
717 1086 783 1143 iret.

341 1183 445 1242 Meum
464 1203 539 1266 saepe
559 1183 722 1244 thalamum
741 1183 807 1242 luce

342 1280 505 1358 specularis
526 1281 640 1339 curiosa
649 1302 658 1355 3

340 1376 447 1454 Neque
467 1377 606 1453 carpseris
627 1389 767 1453 soporem,

339 1473 442 1534 Donet
461 1472 545 1533 uenit
565 1475 615 1533 Sol
634 1494 687 1552 per
707 1493 815 1533 auram.

927 1589 958 1630 11.
974 1590 1003 1630 n.

275 1764 403 1827 tautum
422 1762 536 1842 ltrltqto
557 1762 646 1843 potuit
666 1763 946 1829 tentatationum.

178 1889 297 1948 Tmsrrs
317 1889 438 1948 adhaec
458 1888 532 1947 odiis
551 1888 697 1965 vultuque
717 1909 819 1947 aversa
838 1889 963 1966 superbo

177 1988 282 2046 Altior
302 2007 454 2064 assurgens
475 1988 633 2064 spectanda
652 1986 734 2063 regia
754 1987 849 2047 forma

177 2084 236 2143 Illa
255 2086 360 2144 refert:
382 2084 524 2142 Nostram
544 2085 664 2162 abrupit
684 2085 824 2142 scelerata
839 2085 996 2161 juventam

177 2183 340 2262 Impietas:
361 2183 446 2241 stetit
465 2182 528 2240 haee
548 2201 648 2240 causae.
684 2180 738 2239 De
758 2168 889 2259 virginis
901 2201 963 2261 aevo

177 2279 370 2338 Transaotum
391 2279 481 2337 semel
501 2285 566 2338 est:
587 2278 698 2354 refugit
719 2278 848 2338 crudelia
868 2284 964 2337 eastra

176 2379 268 2445 Nune
288 2381 378 2439 etiam
399 2399 560 2437 memorare
581 2379 697 2436 animus
716 2380 846 2456 litusque
866 2379 1033 2439 nefandum.

176 2477 307 2535 Astabat
326 2481 411 2553 pater
430 2481 461 2535 et
481 2476 587 2534 dextra
605 2476 755 2534 velaverat
775 2497 841 2538 ora:

176 2573 247 2649 Ipsa
266 2573 433 2631 laborantes
453 2572 527 2631 fletu
547 2573 688 2648 gliscente
708 2593 841 2632 susurros

175 2670 267 2741 Nitor
287 2676 322 2729 ut
342 2670 515 2748 expediam:
538 2670 588 2728 sed
609 2671 709 2728 creber
729 2672 877 2731 anhelitus
897 2673 963 2734 illos

174 2769 286 2843 Vexat,
307 2776 343 2829 ut
363 2790 440 2848 aegra
459 2771 580 2832 trahens
600 2771 737 2846 singultit
757 2791 909 2831 murmura
930 2793 1056 2831 somnus.

174 2867 242 2926 Vix
261 2869 341 2926 torvi
361 2873 505 2945 apparent
524 2887 616 2945 reges,
637 2869 690 2926 vix
711 2869 799 2929 effera
819 2889 906 2928 cerno

174 2966 311 3040 Lumina,
332 2967 488 3026 barbatam
508 2987 596 3025 cerno
618 2973 771 3044 expectare
792 2988 929 3028 eoronam

178 3063 260 3123 Dum
280 3063 395 3125 moriar.
439 3063 530 3122 Oelsae
549 3062 651 3140 procul
671 3064 704 3119 in
723 3065 849 3122 statione
869 3071 1022 3124 coruscant

177 3164 261 3222 Ante
281 3162 379 3222 oeulos
399 3161 477 3236 mali,
495 3163 559 3239 jam
579 3167 670 3219 coetus
690 3161 839 3220 inhorruit
858 3163 981 3236 undans,

177 3262 249 3320 Jam
269 3280 376 3319 curvus
395 3260 495 3318 fluitat
514 3260 596 3317 sinus
617 3266 648 3317 et
667 3260 834 3335 trepidante
853 3263 994 3324 vacillant

177 3359 300 3436 Templa
317 3359 399 3436 jugo,
420 3376 509 3421 sacrae
530 3357 628 3433 fulgor
642 3357 707 3437 jam
727 3356 825 3418 letifer
844 3358 937 3419 instat

178 3457 302 3531 cervici,
322 3456 481 3533 tetigitque
501 3455 598 3528 semel,
619 3475 793 3533 sensumque
813 3458 946 3536 peremit.

892 3573 920 3614 R.
936 3572 960 3615 G.
975 3573 998 3617 J.
