2514 4096
349 368 602 428 ARUNDINES
627 368 746 429 OAMI.
985 372 1023 430 53

157 731 297 809 Elapsam
317 731 427 789 sentire
448 730 551 789 Deam.
595 729 643 788 Sic
664 732 775 788 crescet
796 727 917 806 agendo,

157 829 304 907 Quicquid
325 830 390 902 eris,
413 827 494 886 durae
515 848 568 904 per
587 834 686 904 spreta
706 826 836 904 pericula
856 827 934 897 vitae,

157 926 214 986 Vis
232 933 349 985 assueta
368 927 441 1004 pati,
462 932 493 984 et
513 925 633 984 tandem
653 930 770 983 matura
790 925 928 983 voluntas
986 932 992 941 '

156 1023 319 1102 Liberaque
340 1030 371 1082 et
390 1024 511 1082 sibimet
530 1022 581 1080 lex
600 1021 757 1099 impolluta
778 1020 909 1098 vigebit’

98 1271 100 1274 <
197 1239 216 1269 “
226 1232 331 1292 Dixit:
352 1238 384 1292 et
403 1233 564 1292 haerentem
584 1233 674 1292 dubio
695 1233 855 1290 certamine
875 1239 1006 1291 mentem

158 1331 310 1410 Urgebam
332 1332 446 1389 Paridi:
471 1331 586 1389 ‘Pallas
606 1331 664 1388 tibi
684 1331 811 1408 praemia,
834 1330 933 1389 Pallas

157 1429 314 1507 Occupet?
356 1430 409 1488 Ah
429 1431 541 1488 miserae
561 1449 654 1487 vanos
674 1430 804 1487 confessa
825 1429 955 1488 dolores!

66 1576 68 1591 .
157 1527 273 1601 Noluit,
294 1547 333 1586 au
353 1529 477 1605 nequiit,
500 1547 668 1604 supremam
688 1527 791 1586 audire
811 1529 983 1604 querelami
1051 1522 1054 1557 ⁸

198 1723 277 1781 “Me
314 1723 452 1781 miseram
491 1721 600 1780 exaudi
634 1723 801 1781 scatebrosc
835 1742 854 1780 a
888 1723 1025 1794 culmine,

259 1823 369 1880 meteri

157 1917 212 1975 Ida
231 1936 338 1986 meam,
358 1916 504 1993 genetrix,
527 1936 607 1974 mors
626 1916 757 1988 advenit,
778 1916 877 1992 accipe
897 1935 1007 1975 vocem.

155 2013 316 2071 Ambrosia
335 2014 443 2071 collum
465 2019 555 2090 atque
575 2015 713 2070 humeros
735 2020 840 2071 aurata
860 2014 978 2072 decoros

158 2111 291 2179 Caesarie,
311 2130 393 2168 roseo
413 2111 531 2187 gracilis
551 2129 641 2187 quam
661 2110 768 2168 dextra
787 2112 907 2170 retorsit

157 2210 306 2266 Innexam
325 2208 427 2284 digito,
450 2214 553 2285 pectus
572 2207 760 2285 frontemque
779 2209 923 2282 revelans,

155 2306 274 2364 Prodiit
293 2305 391 2363 Idalia
411 2325 427 2363 e
447 2305 569 2382 Paphiae
589 2305 677 2363 modo
697 2306 831 2364 fontibus
852 2306 941 2365 undae

157 2404 312 2475 Exoriens,
334 2422 444 2479 spumae
466 2404 570 2461 similis
592 2402 739 2480 Cytherea
759 2406 891 2482 parenti:

155 2503 207 2560 Ad
227 2507 350 2574 motum,
371 2507 476 2559 tenues
496 2502 650 2579 mistisque
670 2504 828 2562 ruboribus
848 2504 909 2563 albi

158 2599 292 2656 Eviclis
311 2599 440 2657 micuere
460 2599 555 2676 pedes,
579 2606 746 2678 teretesque
767 2620 820 2677 per
839 2607 930 2675 artus,

156 2696 281 2754 Vitibus
301 2697 429 2755 incertas
449 2717 537 2774 super
557 2697 763 2756 intexentibus
784 2699 910 2772 umbras,

158 2794 281 2853 Phoebei
300 2795 423 2853 rutilam
442 2795 519 2853 radii
539 2795 704 2854 diffundere
724 2796 830 2856 lucem.

196 2998 280 3060 “Ida
298 3020 403 3075 meam,
424 3002 568 3078 genetrix,
590 3021 669 3060 mors
689 3000 820 3077 advenit,
842 3005 942 3082 accipe

260 3118 370 3158 vocem.

159 3197 235 3256 Mox
255 3196 328 3270 Dea,
349 3197 471 3255 fatidico
491 3197 525 3254 in
545 3203 635 3274 caput
655 3198 799 3258 inclinata
818 3218 946 3273 susurro,

157 3295 230 3354 Jam
249 3295 367 3368 victrix,
389 3294 562 3372 placidoque
583 3295 716 3353 arridens
739 3295 862 3354 subdola
882 3297 979 3370 vultu,

52 3404 54 3413 '
161 3393 323 3472 ‘Sponsam
343 3394 498 3470 polliceor3
519 3412 579 3470 qua
599 3393 640 3451 sit
660 3413 715 3452 nec
735 3395 884 3453 amantior
903 3396 974 3468 ulia,

158 3492 225 3551 Nec
243 3492 368 3550 formam
389 3492 419 3549 in
442 3490 556 3549 Danais
576 3511 659 3568 aeque
679 3492 837 3569 spectanda
856 3492 988 3570 puellis.”
