2514 4096
366 343 628 405 ABUNDINES
653 345 765 407 canl.
1000 349 1038 406 55

172 633 238 692 Nec
258 632 351 710 plura
375 638 405 690 et
424 632 498 690 risit.
542 633 621 691 Mihi
642 633 770 692 defecere
790 633 912 710 paventi

173 730 309 787 Lumina
353 729 527 807 Suspiciens‚
551 730 666 787 Paridis
686 730 819 788 cedentia
839 729 902 787 vidi

173 828 308 900 Brachia,
330 827 540 905 Junonemqnc
560 819 682 904 aspectu
701 834 787 886 torva
807 828 978 900 minantem,

174 927 276 984 Aurea
296 931 331 983 ut
351 924 478 982 involvit
498 927 599 983 nubes.
642 924 706 1001 Ego
727 924 788 982 sola
808 924 979 983 manebam:

175 1024 243 1082 Sola
262 1042 362 1101 gemo:
384 1023 476 1080 solam
495 1042 573 1080 mors
595 1028 734 1100 exoptata
753 1021 873 1081 levabit.

217 1270 300 1352 “Ida
336 1276 445 1343 tamen,
485 1270 630 1348 genetrix,
664 1290 742 1328 mors
780 1270 909 1343 advenit,
945 1269 1042 1345 accipe

276 1389 386 1428 vocem.

177 1467 298 1525 Scilicet
317 1472 348 1524 et
368 1454 463 1523 forma
483 1468 623 1543 superati
666 1466 724 1524 Sed
745 1487 799 1525 nec
819 1467 894 1524 mihi
920 1467 1045 1524 formam

176 1567 284 1623 Deesse
304 1584 378 1641 puer
398 1584 451 1641 per
471 1564 553 1622 mille
573 1565 652 1622 vices
671 1565 780 1623 iterare
800 1564 917 1622 solebat

178 1663 350 1732 Quinetiam
370 1662 480 1738 pardus
500 1682 596 1739 nuper
615 1663 690 1721 mihi
709 1664 790 1721 visus
811 1663 894 1721 eunti

177 1760 335 1817 Blanditiis
356 1759 488 1842 (mirum)
509 1762 644 1834 insolitis,
667 1762 824 1838 oculosque
845 1779 980 1818 coruscus

177 1857 324 1935 Hesperio
344 1859 428 1916 velut
448 1866 529 1917 astra
548 1862 622 1936 polo,
644 1879 697 1937 per
716 1861 851 1937 gramina
870 1861 952 1916 lente

176 1955 291 2013 Ludere
310 1956 473 2028 mulcendo,
496 1958 670 2034 etpedibus
690 1958 862 2016 subvolvere
883 1956 1012 2014 caudam.

177 2052 302 2111 Suavior
322 2060 361 2126 at,
384 2054 483 2112 dulces
503 2055 609 2112 melius
630 2075 695 2132 quae
715 2056 800 2113 novit
820 2057 953 2113 amoresl

176 2151 236 2223 Ah,
258 2151 333 2207 mihi
353 2151 478 2209 deliciae!
500 2172 566 2210 mea
587 2153 612 2210 si
632 2157 663 2210 te
682 2153 803 2211 brachia
823 2153 944 2228 cingant

178 2250 363 2326 ImpHcitum
383 2250 549 2328 complexa!
592 2252 618 2308 Ο
640 2251 665 2308 si
685 2250 841 2328 flagrantia
861 2250 949 2307 detur
969 2257 971 2262 '

178 2346 285 2405 Oscula
305 2347 433 2405 delibare
454 2348 620 2425 iterumque
640 2349 809 2425 iterumque
827 2347 949 2420 labellis,

177 2444 302 2502 AEmula
322 2446 456 2503 continui
476 2446 558 2517 roris,
581 2445 713 2522 qualisve
734 2451 879 2504 coruscat,

179 2543 297 2601 Multus
316 2543 350 2600 in
369 2550 513 2602 autumno
533 2543 652 2601 Xanthi
671 2545 853 2602 torrentibus
873 2543 982 2602 imber!

221 2787 238 2816 “
246 2782 428 2853 Extremam,
470 2780 613 2859 genetrix,
655 2798 734 2837 mors
774 2779 903 2853 advenit,
944 2779 1043 2856 accipe

277 2898 387 2938 vocem

178 2977 255 3034 Tum
276 2995 354 3033 caesae
374 2975 487 3051 periere
507 2973 589 3046 mihi,
612 2992 678 3031 mea
697 2974 810 3050 gaudia,
833 2974 928 3050 pinus,

179 3075 270 3144 Queis
289 3075 323 3131 in
343 3073 497 3131 caudeam
518 3092 606 3149 super
626 3071 864 3148 impendentibus
884 3071 956 3128 olim

179 3173 357 3245 Convallem‚
379 3173 411 3229 in
432 3171 510 3229 foliis
530 3189 688 3228 nemorosae
708 3169 799 3245 rupis,
821 3175 851 3225 et
871 3169 951 3224 inter

178 3271 396 3346 Montanasque
415 3269 499 3326 nives
518 3269 670 3342 niveaequc
690 3266 838 3342 voraginis
857 3272 969 3337 aestum,

177 3375 279 3432 Acriis
299 3375 405 3451 aquilae
424 3372 538 3448 prolem
558 3370 656 3428 fovere
676 3369 813 3427 latebris:

178 3473 277 3546 Unde,
299 3491 353 3549 per
371 3471 539 3529 horrentem
559 3487 634 3527 caeca
653 3466 776 3543 caligine
796 3465 938 3537 frondem,
