2514 4096
416 892 576 988 astatus
610 891 723 982 &sxta
756 887 934 969 aretusa.

616 1169 718 1200 ...0—

183 1443 185 1446 v
260 1363 403 1426 Psorrna
415 1367 531 1426 obitum
543 1368 631 1428 valde
644 1367 812 1427 deflendum
827 1364 947 1446 pristini
964 1363 1091 1440 editoris,
1110 1365 1148 1422 ad

200 1468 263 1547 ejus
284 1491 394 1532 munus
417 1474 601 1552 subrogatus,
625 1474 658 1532 in
678 1473 782 1551 primis
802 1493 921 1551 operam
944 1473 1013 1530 dedi
1032 1477 1148 1530 utnon

201 1575 300 1634 minus
330 1577 571 1637 antecedentibus
603 1579 697 1656 polita
729 1578 792 1637 haec
824 1584 910 1637 sexta
943 1577 1034 1636 editio
1067 1575 1149 1654 prelo

201 1681 362 1742 excederet.
404 1682 474 1742 Hoc
500 1703 534 1742 eo
557 1683 673 1743 facilius
699 1683 838 1762 consequi
859 1681 946 1761 potui
973 1681 1052 1760 quod
1074 1681 1150 1739 liber

202 1787 275 1845 adeo
288 1788 326 1846 ab
339 1788 420 1848 omni
432 1794 517 1867 parte
533 1789 655 1850 limatus
670 1790 703 1849 in
716 1810 821 1849 manus
834 1809 914 1849 meas
926 1789 1010 1847 venit
1023 1793 1059 1846 ut
1072 1786 1149 1844 nihil

202 1891 263 1950 fere
283 1892 395 1951 mutari
414 1900 468 1953 ant
483 1896 573 1973 adjici
589 1895 646 1954 sibi
666 1895 805 1973 postulet.
846 1894 1054 1954 Veruntamen
1072 1913 1150 1951 nova

203 2001 337 2077 quaedam
350 2000 429 2076 folia,
446 2022 512 2080 quae
527 2003 602 2060 mihi
622 2008 693 2062 sunt
713 2002 819 2076 oblata,
840 2001 921 2061 hisce
940 1999 1150 2058 Arundinibus

203 2105 412 2166 intertexenda
437 2109 548 2184 curavi,
575 2109 685 2187 quippe
711 2108 766 2186 qui
791 2108 854 2167 fore
880 2126 1027 2186 sperarem
1053 2110 1090 2164 ut
1116 2125 1151 2164 ea

203 2215 351 2292 prioribus
364 2234 425 2273 non
438 2216 584 2275 deteriora
597 2215 689 2275 lector
703 2214 819 2294 elegans
833 2219 971 2274 censeret.

266 2321 441 2399 Temperare
466 2321 543 2380 mihi
568 2341 630 2380 non
656 2340 775 2400 possum
796 2321 871 2398 quin
891 2320 947 2379 hoc
967 2319 1031 2378 loeo
1051 2317 1152 2395 paucis

205 2426 311 2486 saltem
331 2446 401 2486 eum
426 2445 658 2500 commemorem,
680 2424 765 2502 cujus
789 2425 958 2505 praesidium
978 2428 1008 2482 et
1027 2423 1153 2482 auctori-

206 2537 301 2591 tatem
321 2531 384 2591 haee
403 2527 588 2611 Anthologia
607 2551 689 2592 nuno
710 2532 786 2591 eheu
806 2530 959 2603 desiderat,
981 2549 1153 2606 semperque

207 2638 393 2700 desiderabit.
434 2637 575 2698 Nominis
589 2640 626 2698 ob
643 2639 807 2698 doctrinam
823 2636 895 2697 clari
914 2635 995 2695 haud
1014 2636 1154 2713 indignus

206 2746 308 2820 haeres,
327 2748 447 2824 quanta,
464 2751 531 2806 tum
550 2746 715 2820 Harroviae,
732 2750 799 2804 tum
818 2745 852 2803 in
871 2742 1041 2816 Academia,
1057 2762 1155 2801 amore

210 2850 353 2910 Camenas
385 2855 514 2912 sectatus
552 2848 592 2910 sit
621 2851 772 2911 Henricus
802 2849 914 2927 Drury,
949 2847 1156 2925 condiscipulis

207 2956 461 3034 familiaribusque
481 2956 543 3035 ejus
561 2956 632 3015 satis
651 2962 757 3016 notum
771 2959 822 3018 est.
864 2954 952 3012 Alios
972 2954 1070 3025 etiam,
1092 2951 1157 3029 qui-

208 3062 333 3120 buscum
352 3065 529 3135 venaretur,
548 3060 601 3119 ille
620 3060 701 3138 lepos
718 3058 842 3118 festivus
857 3057 994 3134 idemque
1015 3056 1155 3129 urbanus,

208 3167 286 3227 illud
305 3165 460 3245 ingenium
480 3185 554 3240 acre,
575 3165 629 3224 illa
648 3163 804 3243 singularis
823 3167 853 3223 et
872 3163 906 3221 in
924 3162 1054 3222 dictione
1074 3166 1105 3220 et
1124 3161 1158 3217 in

211 3270 341 3330 moribus
363 3266 517 3348 elegantia,
539 3266 625 3346 quasi
645 3267 787 3326 fascinum
810 3266 952 3328 solebant.
993 3266 1027 3325 Is
1048 3271 1156 3337 autem,

211 3395 280 3436 cum
295 3373 469 3434 ‘Musarum
482 3369 628 3434 sacerdos'
643 3378 720 3432 esset
730 3371 980 3450 diligentissimus,
995 3369 1050 3428 hoc
1058 3374 1160 3427 tamen

209 3502 324 3561 semper
343 3481 438 3562 pluris
457 3480 591 3557 faciebat,
613 3484 650 3540 ut
669 3499 701 3540 se
721 3485 875 3540 strenuum
894 3478 965 3538 fidei
985 3477 1159 3538 Christianae
