2514 4096
404 369 659 431 ARUNDINES
684 368 800 432 OAMI.
1021 370 1081 430 213
1120 431 1121 434 ,

475 749 571 820 tants
590 750 738 818 nauto«

170 923 299 996 Aumrr,
322 923 349 983 0
370 924 456 996 cives,
477 924 583 1001 quovis
603 943 642 983 ex
661 924 764 983 ordine
784 925 856 998 nuti,

207 1039 248 1096 Et
267 1038 371 1115 patula
391 1043 506 1096 nostros
526 1038 662 1096 imbibite
683 1058 754 1098 arare
774 1039 874 1097 modos
884 1059 894 1113 3

170 1150 209 1210 Et
229 1153 254 1211 si
273 1153 351 1211 forte
371 1153 479 1230 quibus
498 1153 637 1212 videatur
656 1155 808 1231 perbrevis
827 1173 897 1227 esse,

207 1267 279 1325 Non
298 1266 387 1325 faciet
407 1268 527 1345 longam
545 1268 647 1325 fabulo
665 1273 731 1326 tote
750 1286 872 1326 morant

166 1445 251 1507 Rure
271 1449 440 1507 suburbodo
460 1448 586 1526 quidam·
602 1447 729 1521 vivebat,
752 1453 788 1505 ut
808 1448 902 1522 aiunt,

207 1562 276 1632 Quo
294 1562 391 1621 laudis
411 1582 559 1638 nusquam
579 1561 697 1638 dignior
716 1560 793 1619 alter
813 1567 877 1619 erat
882 1580 893 1634 3

165 1672 228 1739 Vir
247 1677 341 1735 bonus
361 1682 392 1735 et
411 1670 549 1754 prudens,
572 1676 682 1753 populo
701 1675 755 1752 qui
770 1675 872 1752 iudice
892 1679 1028 1732 sanctum

206 1791 363 1869 Pergebot,
385 1792 509 1870 quoties*
521 1790 633 1868 templa
652 1790 782 1868 petebat,
802 1790 867 1848 iter.

163 1967 316 2028 Hostibus
335 1968 385 2028 hio
405 1941 577 2027 mansuetus
598 1973 670 2040 erat,
693 1968 820 2025 dilectus
839 1968 950 2042 amieis,

207 2085 248 2143 In
268 2089 389 2142 cunctos
409 2083 491 2140 mirae
512 2082 679 2141 sedulitatis
699 2082 806 2142 homo:

161 2190 266 2276 Inque
285 2198 349 2256 dies
368 2197 450 2275 largo
470 2198 586 2255 nudum
606 2196 743 2274 cingebat
763 2196 889 2271 amictu,

207 2311 285 2370 Cum
305 2329 367 2368 sese
388 2311 512 2368 ornabat
531 2311 665 2368 vestibus
684 2311 747 2388 ipse
768 2310 836 2370 suis
987 2284 992 2287 γ

161 2488 323 2550 maforte
343 2491 424 2549 oanis
444 2509 506 2549 sese
524 2490 695 2548 stabulabat
714 2489 747 2548 in
767 2490 841 2548 urbe
851 2511 861 2565 3
953 2539 956 2544 .

206 2603 240 2661 N
242 2622 274 2661 eo
294 2604 404 2661 mirum
424 2609 487 2661 est:
509 2603 619 2660 multos
638 2603 710 2660 urbs
729 2602 820 2661 habet
840 2603 893 2661 iilo
913 2623 1007 2666 coneo.

161 2717 236 2778 Illic
258 2718 498 2796 Spartanumque
516 2737 610 2795 genus
630 2718 781 2795 fortesque
801 2718 932 2797 Molossi,

207 2834 250 2892 Et
270 2833 361 2892 catuli
380 2833 512 2908 infames,
535 2833 670 2910 squalida
689 2834 786 2906 turba,
808 2841 911 2896 ruunt.

164 3014 246 3074 Cum
265 3011 400 3070 nondum
419 3011 488 3070 lites
508 3011 661 3069 indixerat
680 3031 760 3070 imus
780 3019 811 3071 et
831 3013 916 3089 alter,

208 3129 232 3188 J
232 3134 342 3188 unctus
361 3127 493 3186 amicitia
512 3145 580 3184 oum
601 3145 672 3183 cano
692 3125 770 3183 vixit
791 3125 898 3188 homo:

166 3245 246 3305 Indo
266 3245 348 3305 oanis
368 3245 511 3324 quaedom‚
532 3241 628 3315 oredo,
649 3242 706 3299 sibi
726 3243 878 3301 commoda
899 3262 1041 3321 quaerens,

208 3360 261 3418 Fit
280 3360 387 3420 subito
401 3359 535 3434 rabidus„
551 3357 735 3436 dilaniatquo
754 3357 868 3417 virunn
