2514 4096
374 349 634 412 ABUNDINES
658 351 770 413 OAMI.
989 357 1046 417 ’79

499 674 653 739 1111111111.

179 829 333 890 Burnum
352 830 455 908 pelago
476 849 535 907 qua
554 832 679 891 reclinat
698 833 803 909 insula,

259 944 421 1003 Invisitata
440 946 575 1017 navibus,

177 1054 266 1114 Hanc
286 1057 464 1115 cantilenam
483 1057 575 1114 lintre
593 1057 805 1136 remigantium

257 1171 402 1230 Fnaudiit
422 1172 571 1231 Favonius
584 1193 590 1231 :

178 1285 269 1356 ‘Quid
290 1306 351 1360 noa,
372 1287 445 1364 quid
466 1287 555 1360 aliud,
577 1307 667 1364 quam
688 1288 746 1348 Dei
766 1290 867 1350 laudes
886 1291 968 1370 loqui

256 1401 350 1459 Hunc
370 1401 469 1460 dantia
488 1402 646 1479 appulsum
667 1402 767 1461 decetl

176 1516 236 1587 Qui
255 1517 328 1575 litus
348 1517 404 1575 hoc
423 1517 553 1590 reclusit,
575 1518 711 1594 ignotum
731 1519 822 1596 prius,

255 1631 420 1708 Utcunque
439 1636 541 1689 nostro
561 1633 687 1691 mitius:

175 1745 242 1816 Qua
261 1747 327 1804 dira
347 1752 410 1805 cete
429 1746 569 1805 brevibus
588 1747 681 1805 illidit
700 1748 792 1822 vadia

256 1859 328 1930 Quae
348 1861 443 1918 maria
463 1861 556 1918 dorsis
576 1861 751 1920 sublevant!

174 1977 242 2036 Hac
262 1996 369 2054 nempe
388 1977 453 2054 ripa
473 1978 596 2056 spiritus
616 1978 702 2055 ponit
722 1977 820 2052 malis,

254 2091 295 2151 Et
315 2091 480 2150 Praeeulum
500 2092 669 2151 exsecratio.

172 2207 241 2281 Hic,
263 2206 313 2265 hic
333 2207 459 2265 colorem
479 2206 557 2265 veria
577 2206 681 2264 aeterni
701 2205 791 2279 dedit,

253 2318 319 2388 Quo
340 2323 446 2377 cuncta
465 2318 565 2376 rident
585 2317 670 2390 illita,

171 2435 341 2512 Paraneque
360 2433 457 2492 lautae
476 2452 590 2511 semper
610 2434 643 2491 in
663 2433 741 2492 diem
761 2433 850 2512 dapes

252 2549 324 2608 Huc
343 2550 461 2627 agmina
481 2550 543 2627 egit
563 2549 676 2608 alitum

171 2665 234 2724 Hic
254 2666 334 2724 inter
353 2665 474 2723 umbras
493 2665 573 2723 mala
591 2665 692 2723 tendit
712 2684 810 2739 aurea,

250 2780 313 2839 Ceu
332 2786 419 2838 nocte
438 2780 529 2838 viridi
548 2781 663 2838 lumina
672 2801 683 2855 ;

170 2893 317 2972 Intusque
336 2913 429 2972 grana
448 2893 550 2953 condit
569 2891 736 2966 albicantia,

248 3009 378 3068 Praelata
397 3008 521 3086 gemmis
542 3006 706 3066 Peraidum

167 3124 223 3198 At,
245 3124 407 3184 dulciorem
426 3123 572 3196 mollibus,
593 3123 684 3181 labris
703 3121 775 3182 facit

248 3240 332 3299 Hinc
351 3240 441 3299 ficum
461 3245 492 3298 et
511 3240 582 3298 hinc
602 3259 754 3299 occurrere
763 3260 773 3314 ,·

168 3354 326 3433 Oitroeque
345 3356 456 3414 nostrie
475 3355 583 3414 enavit
602 3355 636 3414 in
654 3355 795 3434 vestigiis,

249 3469 330 3542 Quae
348 3469 432 3529 nulla
451 3469 498 3528 bie
517 3469 623 3529 tulerit
642 3487 756 3547 parone
