2514 4096
409 347 666 409 ARUNDINES
692 347 808 409 olm.
1049 349 1088 413 87

434 647 475 712 lic
494 646 602 713 aihum
621 647 774 722 monam.

172 804 235 863 D1c
255 805 363 882 quibus
382 805 537 878 illecebris,
560 803 753 882 magicoque
774 804 905 863 carmine
924 805 1026 866 flectae

173 902 345 961 Luciferum
365 922 458 979 prono
478 903 511 960 in
532 922 636 976 cursu3
658 902 714 975 dic,
736 903 867 962 maxime
886 924 991 982 regum

174 999 244 1058 Rex
263 1001 488 1058 montanoruml
509 1000 615 1076 cepitis
635 998 676 1056 sic
697 999 807 1057 vertice
828 999 905 1058 calvi

174 1097 315 1170 Haeeitat,
336 1097 424 1170 Albe,
445 1103 507 1169 tuo,
529 1104 560 1156 et
580 1096 697 1156 lascivit
717 1116 816 1155 amore
836 1099 979 1158 morandi

175 1195 307 1254 Inferius
327 1196 428 1254 fremit
448 1198 543 1270 Arm,
566 1200 720 1266 exaestuat,
741 1195 893 1272 improbus
912 1196 1016 1271 amnis,

175 1293 355 1370 Arvirisque
375 1314 474 1353 soror:
495 1294 547 1354 sod
567 1301 610 1368 tu,
632 1293 818 1353 sanctissima
838 1294 948 1372 Rupes,

177 1391 279 1470 Surgis
299 1392 337 1450 ab
357 1392 487 1450 undanti
505 1392 646 1470 pinorum
665 1391 797 1450 molliter
817 1393 925 1452 umbra

175 1489 247 1567 Ipse
266 1489 398 1562 immota,
420 1489 516 1548 silone
558 1488 600 1547 Te
620 1489 732 1546 circum
753 1494 784 1546 et
804 1489 929 1566 desuper
948 1489 1014 1548 Aer

176 1586 348 1664 corporeus,
369 1593 513 1664 vastoque
532 1587 618 1664 niger
638 1585 763 1662 caligine
782 1586 901 1662 pendet,

175 1682 310 1741 Densum
331 1684 416 1742 ebeni
436 1685 534 1757 robur,
558 1688 683 1741 cuneato
703 1683 792 1740 fissile
812 1685 898 1742 saxol

176 1780 271 1839 Frons
291 1800 326 1840 ee
345 1781 443 1859 prime
462 1781 542 1839 fuit:
563 1780 613 1837 sed
629 1780 695 1857 jam
715 1780 790 1837 mihi
809 1781 947 1857 proditur
967 1801 1067 1842 error:

178 1877 233 1935 Est
252 1882 307 1935 tua
326 1897 402 1954 pure
421 1878 533 1953 domne,
557 1881 627 1935 sunt
647 1883 678 1936 et
700 1877 872 1952 crystallina
891 1878 976 1953 fana3

176 1975 240 2047 Est,
262 1975 342 2052 quod
361 1977 399 2034 ab
419 1981 531 2034 aeterno
552 1975 620 2048 fuit,
642 1973 814 2032 inviolabile
833 1994 965 2052 regnum.

175 2073 266 2132 Mons
286 2093 374 2148 secer,
397 2074 424 2133 Ο
444 2081 537 2134 torvae
558 2074 710 2133 taciturna
729 2073 841 2150 palatie
861 2073 980 2146 brumen,

178 2171 272 2229 Totus
292 2190 373 2229 eram
393 2172 426 2230 in
446 2172 538 2244 vobis,
562 2169 662 2243 donec,
684 2163 844 2246 rerumque
865 2169 1055 2248 locorumque

178 2269 347 2340 Immemor,
370 2268 480 2328 obtutu
499 2274 609 2326 starem
630 2267 747 2326 defixus
766 2265 801 2323 in
820 2266 890 2340 illo,—

178 2365 411 2443 Aspiceremque
431 2366 525 2424 nihil:
546 2373 612 2424 tum
633 2366 752 2424 demum
773 2366 896 2423 numine
916 2365 997 2424 vinci

179 2465 309 2538 Arcano,
330 2471 420 2544 atque
440 2486 535 2524 unum
555 2464 682 2542 supplex
702 2483 786 2522 orere
806 2463 829 2521 J
831 2463 961 2523 choram

220 2561 280 2622 Sed
299 2562 395 2622 veluti
415 2565 528 2622 melioae
548 2563 676 2641 quedem
697 2561 852 2620 dulcedine
871 2562 952 2620 vocis

180 2660 326 2719 Fallimur
346 2663 445 2736 auriti,
466 2681 563 2740 neque
582 2661 679 2720 adhue
699 2660 801 2718 audire
821 2659 958 2717 videmur
963 2679 973 2733 ;

182 2761 296 2821 Intima
317 2763 359 2821 sic
379 2762 477 2839 tangis
497 2760 665 2838 praecordia,
687 2763 805 2817 nectere
825 2777 951 2844 mecum,

181 2857 255 2918 Pars
274 2860 380 2919 melior
399 2859 490 2917 vitoe:
511 2858 553 2916 sic
573 2856 631 2914 visi
650 2856 759 2915 foedere
780 2861 861 2915 certo

182 2955 359 3018 Consentire
379 2958 441 3016 dies
462 2962 493 3014 et
512 2974 652 3032 prospera
672 2954 733 3012 ieta
753 2953 901 3013 duorum:

181 3055 284 3114 Donec
304 3076 336 3115 se
356 3054 525 3133 expandens
546 3052 686 3125 Animus,
707 3070 818 3128 perque
838 3051 937 3109 omnio
957 3050 1048 3112 fusus.

180 3136 279 3230 Inque
297 3153 437 3231 gigantea
456 3149 603 3210 resolutus
622 3148 759 3224 imagine,
781 3147 906 3205 formum

183 3249 246 3309 (len
266 3251 365 3329 capiet
384 3249 544 3327 propriam,
565 3246 629 3305 caeli
651 3246 686 3304 ad
709 3244 855 3321 fulgentio
874 3245 987 3323 templa

182 3347 335 3423 Exoritur,
357 3346 530 3425 superisque
548 3342 626 3422 petit
645 3341 795 3401 miscerier
814 3343 902 3400 auris.

894 3459 925 3504 11.
941 3459 971 3502 1).
