<?xml version="1.0" encoding="UTF-8"?>
<!DOCTYPE html PUBLIC "-//W3C//DTD XHTML 1.0 Transitional//EN"
    "http://www.w3.org/TR/xhtml1/DTD/xhtml1-transitional.dtd">
<html xmlns="http://www.w3.org/1999/xhtml" xml:lang="en" lang="en">
 <head>
  <title>
</title>
<meta http-equiv="Content-Type" content="text/html;charset=utf-8" />
  <meta name='ocr-system' content='tesseract 3.04.00' />
  <meta name='ocr-capabilities' content='ocr_page ocr_carea ocr_par ocr_line ocrx_word'/>
</head>
<body>
  <div class='ocr_page' id='page_1' title='image "./arundinescamisi02drurgoog_0054.png"; bbox 0 0 2514 4096; ppageno 0'>
   <div class='ocr_carea' id='block_1_1' title="bbox 403 356 1077 430">
    <p class='ocr_par' dir='ltr' id='par_1_1' title="bbox 403 356 1077 430">
     <span class='ocr_line' id='line_1_1' title="bbox 403 356 1077 430; baseline -0.001 -13"><span class='ocrx_word' id='word_1_1' title='bbox 403 356 659 430; x_wconf 62' lang='grc' dir='ltr'>ΙΑΕΠΝΒΙΝΕΒ</span> <span class='ocrx_word' id='word_1_2' title='bbox 684 357 797 423; x_wconf 82' lang='lat' dir='ltr'><em>OAMI.</em></span> <span class='ocrx_word' id='word_1_3' title='bbox 1033 357 1077 416; x_wconf 26' lang='lat'>&#39;21</span> 
     </span>
    </p>
   </div>
   <div class='ocr_carea' id='block_1_2' title="bbox 163 752 1096 1125">
    <p class='ocr_par' dir='ltr' id='par_1_2' title="bbox 163 752 1096 1125">
     <span class='ocr_line' id='line_1_2' title="bbox 163 752 1096 833; baseline 0.003 -23"><span class='ocrx_word' id='word_1_4' title='bbox 163 753 230 810; x_wconf 81' lang='lat' dir='ltr'><strong>&#39;Ille</strong></span> <span class='ocrx_word' id='word_1_5' title='bbox 250 771 297 811; x_wconf 90' lang='lat' dir='ltr'>me</span> <span class='ocrx_word' id='word_1_6' title='bbox 318 757 466 831; x_wconf 73' lang='lat' dir='ltr'>spectrum</span> <span class='ocrx_word' id='word_1_7' title='bbox 485 752 613 830; x_wconf 69' lang='lat' dir='ltr'>putavit,</span> <span class='ocrx_word' id='word_1_8' title='bbox 635 752 824 812; x_wconf 75' lang='lat' dir='ltr'>candidatam</span> <span class='ocrx_word' id='word_1_9' title='bbox 844 760 994 827; x_wconf 80' lang='lat' dir='ltr'>contuens,</span> <span class='ocrx_word' id='word_1_10' title='bbox 1055 823 1059 833; x_wconf 43' lang='lat'>,</span> <span class='ocrx_word' id='word_1_11' title='bbox 1093 764 1096 781; x_wconf 77' lang='lat'><strong>²</strong></span> 
     </span>
     <span class='ocr_line' id='line_1_3' title="bbox 174 849 1080 928; baseline 0.004 -20"><span class='ocrx_word' id='word_1_12' title='bbox 174 849 270 908; x_wconf 74' lang='lat' dir='ltr'>Recta</span> <span class='ocrx_word' id='word_1_13' title='bbox 290 856 420 919; x_wconf 72' lang='lat' dir='ltr'>euntem,</span> <span class='ocrx_word' id='word_1_14' title='bbox 440 869 495 908; x_wconf 89' lang='lat' dir='ltr'>nec</span> <span class='ocrx_word' id='word_1_15' title='bbox 515 851 692 928; x_wconf 72' lang='lat' dir='ltr'>loquentem,</span> <span class='ocrx_word' id='word_1_16' title='bbox 715 851 791 910; x_wconf 91' lang='lat' dir='ltr'>lucis</span> <span class='ocrx_word' id='word_1_17' title='bbox 810 858 847 910; x_wconf 80' lang='lat' dir='ltr'>ut</span> <span class='ocrx_word' id='word_1_18' title='bbox 866 854 1080 912; x_wconf 79' lang='lat' dir='ltr'><strong>scintillulam:</strong></span> 
     </span>
     <span class='ocr_line' id='line_1_4' title="bbox 174 946 1061 1021; baseline 0.006 -17"><span class='ocrx_word' id='word_1_19' title='bbox 174 946 227 1005; x_wconf 92' lang='lat' dir='ltr'>Me</span> <span class='ocrx_word' id='word_1_20' title='bbox 247 953 355 1005; x_wconf 78' lang='lat' dir='ltr'>vocant</span> <span class='ocrx_word' id='word_1_21' title='bbox 376 947 524 1005; x_wconf 82' lang='lat' dir='ltr'>crudelem</span> <span class='ocrx_word' id='word_1_22' title='bbox 544 947 662 1021; x_wconf 81' lang='lat' dir='ltr'>amicae3</span> <span class='ocrx_word' id='word_1_23' title='bbox 691 948 742 1006; x_wconf 90' lang='lat' dir='ltr'>sed</span> <span class='ocrx_word' id='word_1_24' title='bbox 763 968 830 1007; x_wconf 89' lang='lat' dir='ltr'>mea</span> <span class='ocrx_word' id='word_1_25' title='bbox 849 949 894 1006; x_wconf 91' lang='lat' dir='ltr'>nil</span> <span class='ocrx_word' id='word_1_26' title='bbox 909 948 1061 1011; x_wconf 78' lang='lat' dir='ltr'>interest:</span> 
     </span>
     <span class='ocr_line' id='line_1_5' title="bbox 174 1029 1023 1125; baseline 0.007 -25"><span class='ocrx_word' id='word_1_27' title='bbox 174 1042 304 1102; x_wconf 87' lang='lat' dir='ltr'>Domina</span> <span class='ocrx_word' id='word_1_28' title='bbox 323 1063 451 1122; x_wconf 86' lang='lat' dir='ltr'>namque</span> <span class='ocrx_word' id='word_1_29' title='bbox 470 1029 620 1118; x_wconf 63' lang='lat' dir='ltr'>feriarum</span> <span class='ocrx_word' id='word_1_30' title='bbox 640 1045 728 1123; x_wconf 85' lang='lat' dir='ltr'>pubis</span> <span class='ocrx_word' id='word_1_31' title='bbox 749 1050 780 1105; x_wconf 81' lang='lat' dir='ltr'>ei</span> <span class='ocrx_word' id='word_1_32' title='bbox 800 1044 942 1125; x_wconf 83' lang='lat' dir='ltr'>Princeps</span> <span class='ocrx_word' id='word_1_33' title='bbox 963 1067 1023 1106; x_wconf 88' lang='lat' dir='ltr'>ero.</span> 
     </span>
    </p>
   </div>
   <div class='ocr_carea' id='block_1_3' title="bbox 176 1473 1082 1846">
    <p class='ocr_par' dir='ltr' id='par_1_3' title="bbox 176 1473 1082 1749">
     <span class='ocr_line' id='line_1_6' title="bbox 176 1473 1082 1554; baseline 0.01 -23"><span class='ocrx_word' id='word_1_34' title='bbox 176 1473 301 1551; x_wconf 78' lang='lat' dir='ltr'>Deperii</span> <span class='ocrx_word' id='word_1_35' title='bbox 320 1493 376 1545; x_wconf 85' lang='lat' dir='ltr'>me,</span> <span class='ocrx_word' id='word_1_36' title='bbox 398 1475 491 1548; x_wconf 80' lang='lat' dir='ltr'>aiunl,</span> <span class='ocrx_word' id='word_1_37' title='bbox 511 1476 652 1549; x_wconf 85' lang='lat' dir='ltr'>amand0;</span> <span class='ocrx_word' id='word_1_38' title='bbox 672 1481 705 1533; x_wconf 76' lang='lat' dir='ltr'>at</span> <span class='ocrx_word' id='word_1_39' title='bbox 721 1496 782 1534; x_wconf 91' lang='lat' dir='ltr'>non</span> <span class='ocrx_word' id='word_1_40' title='bbox 801 1497 853 1554; x_wconf 85' lang='lat' dir='ltr'>ego</span> <span class='ocrx_word' id='word_1_41' title='bbox 871 1476 932 1535; x_wconf 86' lang='lat' dir='ltr'>illis</span> <span class='ocrx_word' id='word_1_42' title='bbox 950 1477 1082 1540; x_wconf 85' lang='lat' dir='ltr'>credula:</span> 
     </span>
     <span class='ocr_line' id='line_1_7' title="bbox 176 1572 1042 1653; baseline 0.008 -23"><span class='ocrx_word' id='word_1_43' title='bbox 176 1572 308 1649; x_wconf 76' lang='lat' dir='ltr'>Depen&#39;i,</span> <span class='ocrx_word' id='word_1_44' title='bbox 329 1579 431 1646; x_wconf 75' lang='lat' dir='ltr'>mater,</span> <span class='ocrx_word' id='word_1_45' title='bbox 453 1573 578 1632; x_wconf 90' lang='lat' dir='ltr'>dolendo</span> <span class='ocrx_word' id='word_1_46' title='bbox 587 1593 596 1646; x_wconf 90' lang='lat'>;</span> <span class='ocrx_word' id='word_1_47' title='bbox 616 1576 701 1652; x_wconf 76' lang='lat' dir='ltr'>atqui</span> <span class='ocrx_word' id='word_1_48' title='bbox 720 1596 787 1634; x_wconf 85' lang='lat' dir='ltr'>mea</span> <span class='ocrx_word' id='word_1_49' title='bbox 807 1577 879 1653; x_wconf 89' lang='lat' dir='ltr'>quid</span> <span class='ocrx_word' id='word_1_50' title='bbox 899 1577 1042 1638; x_wconf 76' lang='lat' dir='ltr'>interesil</span> 
     </span>
     <span class='ocr_line' id='line_1_8' title="bbox 176 1669 979 1749; baseline 0.005 -22"><span class='ocrx_word' id='word_1_51' title='bbox 176 1669 350 1742; x_wconf 78' lang='lat' dir='ltr'>PulcrioreS,</span> <span class='ocrx_word' id='word_1_52' title='bbox 373 1670 518 1743; x_wconf 77' lang='lat' dir='ltr'>fortiores,</span> <span class='ocrx_word' id='word_1_53' title='bbox 541 1671 650 1749; x_wconf 86' lang='lat' dir='ltr'>quippe</span> <span class='ocrx_word' id='word_1_54' title='bbox 671 1678 760 1747; x_wconf 77' lang='lat' dir='ltr'>erunt</span> <span class='ocrx_word' id='word_1_55' title='bbox 780 1673 862 1749; x_wconf 89' lang='lat' dir='ltr'>proci</span> <span class='ocrx_word' id='word_1_56' title='bbox 882 1674 959 1732; x_wconf 91' lang='lat' dir='ltr'>mihi</span> <span class='ocrx_word' id='word_1_57' title='bbox 970 1695 979 1748; x_wconf 82' lang='lat'>3</span> 
     </span>
    </p>

    <p class='ocr_par' dir='ltr' id='par_1_4' title="bbox 177 1767 1006 1846">
     <span class='ocr_line' id='line_1_9' title="bbox 177 1767 1006 1846; baseline 0.005 -20"><span class='ocrx_word' id='word_1_58' title='bbox 177 1767 218 1826; x_wconf 76' lang='lat' dir='ltr'>ut</span> <span class='ocrx_word' id='word_1_59' title='bbox 237 1787 290 1845; x_wconf 85' lang='lat' dir='ltr'>ego</span> <span class='ocrx_word' id='word_1_60' title='bbox 311 1767 440 1825; x_wconf 86' lang='lat' dir='ltr'>Domina</span> <span class='ocrx_word' id='word_1_61' title='bbox 459 1768 608 1842; x_wconf 82' lang='lat' dir='ltr'>feriarum,</span> <span class='ocrx_word' id='word_1_62' title='bbox 629 1770 716 1846; x_wconf 80' lang='lat' dir='ltr'>pubis</span> <span class='ocrx_word' id='word_1_63' title='bbox 736 1776 767 1828; x_wconf 77' lang='lat' dir='ltr'>ei</span> <span class='ocrx_word' id='word_1_64' title='bbox 787 1770 929 1846; x_wconf 80' lang='lat' dir='ltr'>Princeps</span> <span class='ocrx_word' id='word_1_65' title='bbox 949 1791 1006 1831; x_wconf 87' lang='lat' dir='ltr'>erc.</span> 
     </span>
    </p>
   </div>
   <div class='ocr_carea' id='block_1_4' title="bbox 131 2188 1017 2566">
    <p class='ocr_par' dir='ltr' id='par_1_5' title="bbox 131 2188 1017 2566">
     <span class='ocr_line' id='line_1_10' title="bbox 131 2188 921 2262; baseline -0.005 -12"><span class='ocrx_word' id='word_1_66' title='bbox 131 2188 135 2193; x_wconf 83' lang='grc'>’</span> <span class='ocrx_word' id='word_1_67' title='bbox 180 2191 244 2250; x_wconf 88' lang='lat' dir='ltr'>Nec</span> <span class='ocrx_word' id='word_1_68' title='bbox 264 2194 362 2252; x_wconf 88' lang='lat' dir='ltr'>minus</span> <span class='ocrx_word' id='word_1_69' title='bbox 382 2195 492 2254; x_wconf 75' lang='lat' dir='ltr'>tenella</span> <span class='ocrx_word' id='word_1_70' title='bbox 511 2213 626 2253; x_wconf 85' lang='lat' dir='ltr'>mecum</span> <span class='ocrx_word' id='word_1_71' title='bbox 646 2191 802 2251; x_wconf 78' lang='lat' dir='ltr'>feriabitur</span> <span class='ocrx_word' id='word_1_72' title='bbox 821 2209 902 2248; x_wconf 89' lang='lat' dir='ltr'>soror</span> <span class='ocrx_word' id='word_1_73' title='bbox 911 2207 921 2262; x_wconf 83' lang='lat'>3</span> 
     </span>
     <span class='ocr_line' id='line_1_11' title="bbox 180 2289 984 2367; baseline 0 -21"><span class='ocrx_word' id='word_1_74' title='bbox 180 2289 283 2367; x_wconf 82' lang='lat' dir='ltr'>Tuque</span> <span class='ocrx_word' id='word_1_75' title='bbox 302 2312 359 2364; x_wconf 90' lang='lat' dir='ltr'>me,</span> <span class='ocrx_word' id='word_1_76' title='bbox 380 2298 484 2365; x_wconf 76' lang='lat' dir='ltr'>mater,</span> <span class='ocrx_word' id='word_1_77' title='bbox 505 2293 578 2350; x_wconf 87' lang='lat' dir='ltr'>velis</span> <span class='ocrx_word' id='word_1_78' title='bbox 598 2291 698 2349; x_wconf 88' lang='lat' dir='ltr'>videre</span> <span class='ocrx_word' id='word_1_79' title='bbox 719 2289 783 2347; x_wconf 86' lang='lat' dir='ltr'>fieri</span> <span class='ocrx_word' id='word_1_80' title='bbox 802 2289 984 2366; x_wconf 87' lang='lat' dir='ltr'>principem:</span> 
     </span>
     <span class='ocr_line' id='line_1_12' title="bbox 177 2385 1017 2467; baseline -0.005 -23"><span class='ocrx_word' id='word_1_81' title='bbox 177 2386 257 2448; x_wconf 83' lang='lat' dir='ltr'>Nam</span> <span class='ocrx_word' id='word_1_82' title='bbox 273 2391 417 2466; x_wconf 70' lang='lat' dir='ltr'>juventus</span> <span class='ocrx_word' id='word_1_83' title='bbox 436 2391 632 2467; x_wconf 87' lang='lat' dir='ltr'>undequaque</span> <span class='ocrx_word' id='word_1_84' title='bbox 652 2388 753 2446; x_wconf 77' lang='lat' dir='ltr'>veniet</span> <span class='ocrx_word' id='word_1_85' title='bbox 772 2385 1017 2462; x_wconf 63' lang='lat' dir='ltr'>agricolantium</span> 
     </span>
     <span class='ocr_line' id='line_1_13' title="bbox 180 2483 1004 2566; baseline -0.004 -22"><span class='ocrx_word' id='word_1_86' title='bbox 180 2487 221 2544; x_wconf 76' lang='lat' dir='ltr'>Et</span> <span class='ocrx_word' id='word_1_87' title='bbox 241 2507 294 2566; x_wconf 85' lang='lat' dir='ltr'>ege</span> <span class='ocrx_word' id='word_1_88' title='bbox 314 2488 443 2547; x_wconf 82' lang='lat' dir='ltr'>Domina</span> <span class='ocrx_word' id='word_1_89' title='bbox 462 2488 610 2559; x_wconf 83' lang='lat' dir='ltr'>feriarum,</span> <span class='ocrx_word' id='word_1_90' title='bbox 631 2486 718 2566; x_wconf 81' lang='lat' dir='ltr'>pubis</span> <span class='ocrx_word' id='word_1_91' title='bbox 738 2489 769 2543; x_wconf 77' lang='lat' dir='ltr'>ei</span> <span class='ocrx_word' id='word_1_92' title='bbox 789 2483 929 2562; x_wconf 84' lang='lat' dir='ltr'>Princeps</span> <span class='ocrx_word' id='word_1_93' title='bbox 947 2501 1004 2542; x_wconf 88' lang='lat' dir='ltr'>erc.</span> 
     </span>
    </p>
   </div>
   <div class='ocr_carea' id='block_1_5' title="bbox 181 2912 1006 3283">
    <p class='ocr_par' dir='ltr' id='par_1_6' title="bbox 181 2912 1006 3283">
     <span class='ocr_line' id='line_1_14' title="bbox 181 2912 936 2993; baseline -0.005 -21"><span class='ocrx_word' id='word_1_94' title='bbox 181 2914 246 2973; x_wconf 84' lang='lat' dir='ltr'>En!</span> <span class='ocrx_word' id='word_1_95' title='bbox 267 2934 346 2974; x_wconf 80' lang='lat' dir='ltr'>casas</span> <span class='ocrx_word' id='word_1_96' title='bbox 365 2916 478 2976; x_wconf 74' lang='lat' dir='ltr'>iniexit</span> <span class='ocrx_word' id='word_1_97' title='bbox 497 2915 571 2974; x_wconf 88' lang='lat' dir='ltr'>udas</span> <span class='ocrx_word' id='word_1_98' title='bbox 590 2916 724 2993; x_wconf 75' lang='lat' dir='ltr'>postibus</span> <span class='ocrx_word' id='word_1_99' title='bbox 744 2912 936 2992; x_wconf 84' lang='lat' dir='ltr'>caprifolium,</span> 
     </span>
     <span class='ocr_line' id='line_1_15' title="bbox 181 3010 963 3091; baseline -0.004 -23"><span class='ocrx_word' id='word_1_100' title='bbox 181 3011 278 3088; x_wconf 86' lang='lat' dir='ltr'>Inque</span> <span class='ocrx_word' id='word_1_101' title='bbox 297 3014 391 3090; x_wconf 79' lang='lat' dir='ltr'>pratis</span> <span class='ocrx_word' id='word_1_102' title='bbox 403 3021 464 3091; x_wconf 90' lang='lat' dir='ltr'>&#39;per</span> <span class='ocrx_word' id='word_1_103' title='bbox 483 3014 598 3072; x_wconf 83' lang='lat' dir='ltr'>canales</span> <span class='ocrx_word' id='word_1_104' title='bbox 619 3013 786 3072; x_wconf 84' lang='lat' dir='ltr'>cardamina</span> <span class='ocrx_word' id='word_1_105' title='bbox 806 3010 963 3078; x_wconf 76' lang='lat' dir='ltr'>suaveolei,</span> 
     </span>
     <span class='ocr_line' id='line_1_16' title="bbox 181 3107 1006 3189; baseline -0.004 -23"><span class='ocrx_word' id='word_1_106' title='bbox 181 3107 290 3167; x_wconf 78' lang='lat' dir='ltr'>Subter</span> <span class='ocrx_word' id='word_1_107' title='bbox 309 3111 342 3168; x_wconf 91' lang='lat' dir='ltr'>in</span> <span class='ocrx_word' id='word_1_108' title='bbox 362 3112 473 3189; x_wconf 77' lang='lat' dir='ltr'>stagnis</span> <span class='ocrx_word' id='word_1_109' title='bbox 494 3117 627 3170; x_wconf 76' lang='lat' dir='ltr'>coruscat</span> <span class='ocrx_word' id='word_1_110' title='bbox 647 3112 716 3169; x_wconf 90' lang='lat' dir='ltr'>orbe</span> <span class='ocrx_word' id='word_1_111' title='bbox 735 3109 834 3168; x_wconf 78' lang='lat' dir='ltr'>caltha</span> <span class='ocrx_word' id='word_1_112' title='bbox 853 3108 1006 3164; x_wconf 88' lang='lat' dir='ltr'>flammeo:</span> 
     </span>
     <span class='ocr_line' id='line_1_17' title="bbox 182 3206 986 3283; baseline -0.004 -20"><span class='ocrx_word' id='word_1_113' title='bbox 182 3206 252 3283; x_wconf 81' lang='lat' dir='ltr'>Ipsa</span> <span class='ocrx_word' id='word_1_114' title='bbox 271 3207 402 3266; x_wconf 82' lang='lat' dir='ltr'>Domina</span> <span class='ocrx_word' id='word_1_115' title='bbox 421 3209 570 3282; x_wconf 83' lang='lat' dir='ltr'>feriarum,</span> <span class='ocrx_word' id='word_1_116' title='bbox 592 3214 696 3282; x_wconf 81' lang='lat' dir='ltr'>mater,</span> <span class='ocrx_word' id='word_1_117' title='bbox 718 3213 748 3266; x_wconf 72' lang='lat' dir='ltr'>eh</span> <span class='ocrx_word' id='word_1_118' title='bbox 768 3207 909 3282; x_wconf 87' lang='lat' dir='ltr'>Princeps</span> <span class='ocrx_word' id='word_1_119' title='bbox 929 3223 986 3262; x_wconf 88' lang='lat' dir='ltr'>erc.</span> 
     </span>
    </p>
   </div>
   <div class='ocr_carea' id='block_1_6' title="bbox 0 0 1275 4096">
    <p class='ocr_par' dir='ltr' id='par_1_7' title="bbox 0 0 1275 4096">
     <span class='ocr_line' id='line_1_18' title="bbox 0 0 1275 4096; baseline 0 0"><span class='ocrx_word' id='word_1_120' title='bbox 0 0 1275 4096; x_wconf 95' lang='lat' dir='ltr'> </span> 
     </span>
    </p>
   </div>
  </div>
 </body>
</html>
