2514 4096
369 345 628 408 ARUNDINES
652 348 770 411 OAMI.
1006 352 1043 411 81

173 712 236 771 Hic
255 712 346 788 inque
367 711 483 773 Libano
501 716 602 770 monte
622 710 760 789 quaesitas
780 711 881 772 cedros

256 809 316 868 His
337 810 399 887 ipse
418 809 574 868 transtulit
589 810 671 887 jugis
681 830 691 884 5

171 909 328 987 Jussitque
346 910 434 986 longe
453 909 611 985 provoluta
630 908 755 968 subvehi

256 1007 414 1084 Strepente
434 1007 529 1093 fluctu
549 1007 676 1065 succina.

176 1107 256 1178 Quin
277 1113 308 1165 et
329 1106 457 1164 Penates
477 1103 597 1185 (majus)
617 1105 677 1164 huc
696 1105 798 1184 rapuit
818 1106 911 1181 fretis,

254 1205 316 1265 Ceu
335 1205 510 1283 margaritas
530 1205 655 1283 aequoris
665 1225 674 1278 3

174 1304 341 1381 Specusque
360 1305 461 1381 posuit
481 1322 562 1361 more
583 1304 762 1381 templomm
783 1304 897 1379 arduos,

254 1400 323 1470 Qua
343 1420 425 1458 sacra
444 1400 551 1458 fierent
571 1399 708 1459 caelitum.

174 1498 253 1576 Ergo
272 1498 446 1556 inchoantes
465 1498 563 1557 laudis
583 1498 718 1556 altisonae
739 1498 860 1558 chorum

255 1595 349 1655 Illum
370 1616 463 1674 usque
483 1597 643 1654 clamemus
663 1595 770 1669 Deum,

174 1694 277 1754 Donec
296 1694 501 1754 reverberatus
521 1693 638 1752 exultet
657 1693 763 1772 fragor,

255 1791 348 1852 Ultra
367 1811 496 1851 recessus
517 1790 682 1850 Mexicosl’

174 1890 260 1950 Tales
280 1891 421 1948 Britanni
441 1891 532 1948 lintre
552 1890 717 1949 fundebant
737 1909 831 1965 sonos,

257 1988 375 2047 Pietate
394 1987 465 2047 freti
485 1987 602 2046 conscia
611 2007 621 2061 3

174 2085 324 2162 Ultroque
344 2085 432 2143 remis
452 2085 485 2142 in
504 2084 626 2142 modum
646 2083 827 2157 cadentibus,

255 2181 378 2262 Insigne
398 2183 543 2242 curabant
563 2183 661 2244 melos

431 2547 680 2557 —————-

350 2811 491 2893 Rtspltttt
509 2811 563 2880 istc
583 2812 672 2885 intus
690 2813 787 2876 clauo.

216 2970 242 3029 Ο
263 2986 382 3029 urmau
402 2989 503 3043 essem,
524 2989 584 3046 qua
603 2988 684 3027 nunc
704 2989 766 3028 esse
785 2970 873 3029 volol

216 3068 318 3127 Essem
338 3070 480 3142 celeriter,
503 3089 562 3147 qua
581 3088 643 3126 non
662 3089 724 3128 esse
743 3071 834 3131 nolo:

216 3165 274 3224 Sed
294 3185 355 3224 esse
375 3165 447 3238 loco,
470 3184 528 3242 quo
548 3185 622 3238 sum,
646 3173 691 3224 est
710 3186 835 3242 necesse,

217 3264 258 3323 Et
277 3284 400 3344 nequeo,
421 3284 480 3343 quo
500 3264 564 3323 loco
585 3282 685 3339 essem,
707 3284 774 3325 esse

884 3382 915 3425 11.
931 3383 963 3426 Ι).
