2514 4096
408 353 808 415 ARUNDJNEMAMI.
1029 358 1083 416 189

175 703 303 776 Deserit,
324 703 469 782 uxorique
489 704 608 781 placens
624 703 688 780 jam
710 709 815 780 sponte
835 703 950 762 maritis

174 802 196 860 J
197 794 292 879 ungit
304 821 336 860 se
355 802 455 875 fatuis,
478 821 552 879 quos
572 801 667 859 ambit
687 819 819 878 purpura
839 799 921 873 felix,

176 899 218 958 Et
238 900 313 959 levis
333 901 453 978 augusti
472 920 546 978 quos
566 900 694 959 ventilat
713 919 786 958 aura
806 898 913 957 Palati.

176 997 326 1076 Impetrat
345 998 416 1056 hino
436 999 569 1076 gladium
588 1018 729 1076 generoso
749 1018 768 1056 a
788 998 902 1056 Caesare
922 1002 1001 1070 nate,

176 1095 224 1154 Ut
243 1095 334 1169 bibat,
356 1101 388 1155 et
406 1097 500 1168 ludat,
522 1097 647 1173 rixaque
667 1096 828 1154 intercidat
847 1095 924 1157 uda:

174 1191 285 1250 Nobile
305 1192 475 1269 eonjugium
495 1198 572 1250 natae
592 1198 679 1269 parat
685 1211 694 1264 3
714 1193 767 1250 illa
787 1192 912 1269 superbo

177 1289 325 1366 Carpento
344 1289 465 1347 vehitur
474 1308 483 1362 3
505 1290 586 1347 sedet
606 1289 701 1347 altum
721 1289 832 1366 injuria
854 1291 962 1349 formae.

216 1387 295 1447 Mox
315 1392 347 1445 et
368 1387 509 1445 Romulei
529 1407 682 1444 scamnum
702 1387 840 1446 affectare
861 1394 989 1462 senatus,

175 1485 315 1544 Vendere
335 1505 366 1544 se
386 1485 533 1544 dominis:
562 1486 673 1563 conjux
693 1490 807 1544 certare
826 1485 932 1543 fritillo

174 1585 302 1657 Interea,
324 1603 379 1643 nee
399 1585 497 1642 fausta
516 1583 637 1657 Venus,
658 1583 715 1641 sibi
735 1583 863 1641 consulit
883 1582 946 1660 ipse

174 1684 344 1754 Attonitus,
363 1683 518 1760 pretioque
538 1681 636 1739 inhiat
657 1681 800 1759 donisque
819 1681 987 1740 Phralratis.

174 1781 200 1839 Ο
222 1780 339 1838 utinam
358 1798 419 1838 non
438 1785 524 1837 tanta
543 1779 609 1836 viro
628 1779 737 1837 fiducia
756 1778 829 1836 diris

174 1878 262 1955 Esset
281 1879 316 1936 in
335 1876 504 1935 Arsacidis!
532 1896 603 1934 mox
624 1876 719 1934 defert
739 1875 881 1953 Regulus,
905 1875 992 1933 audit

173 1977 266 2036 Curia
285 1975 469 2047 clamantem,
491 1975 669 2051 vultumque
689 1974 800 2032 avertit
819 1973 944 2031 Atrides
950 1992 960 2045 3

174 2074 227 2132 Fit
246 2088 323 2147 reus,
344 2080 375 2132 et
395 2073 528 2151 gladium
544 2073 609 2149 jam
630 2072 756 2149 porrigit
776 2070 869 2128 Arria
889 2071 992 2130 tristis

174 2171 333 2230 Debentur
352 2171 436 2230 saevis
456 2191 524 2229 eum
545 2171 668 2247 conjuge
688 2169 767 2226 fflius
787 2167 912 2226 Umbris

173 2268 314 2346 Nataque
320 2289 329 2343 3
351 2288 499 2346 quamquo
519 2269 613 2346 magis
633 2267 757 2344 stupuit,
779 2285 827 2324 res
847 2265 975 2343 denique
994 2265 1071 2323 fiseo.

174 2365 262 2436 Quod
281 2370 422 2442 superest,
446 2365 588 2441 Princeps
608 2365 808 2439 damnosaque
827 2364 952 2422 Tartara
965 2363 1081 2422 luorum

174 2463 262 2521 Inter
280 2482 312 2521 se
331 2463 459 2521 faciunt:
487 2463 624 2534 moriens,
649 2461 791 2539 Crispine,
813 2461 947 2519 Deorum

174 2561 342 2643 Increpitas
361 2581 494 2637 numero,
515 2561 729 2638 detestarisque
750 2560 924 2620 Lavernam.

927 2674 951 2716 c.
968 2673 998 2714 u.

485 2867 726 2878 -—-—-—-

246 3029 252 3041 '
330 3028 346 3063 Ο

401 3101 511 3174 dietus
529 3101 664 3174 Dauum
684 3053 810 3182 atlutat.

175 3262 312 3322 Mrmrur
332 3264 428 3323 omnis
447 3284 565 3325 amans:
592 3265 686 3324 animi
705 3265 808 3343 proeul
829 3272 891 3325 este
910 3267 1024 3345 pusilli:

214 3363 305 3444 Signa
324 3363 373 3422 dei
393 3363 514 3423 timidos
533 3363 613 3444 regia
632 3365 709 3423 ferre
728 3364 827 3442 pudet

708 3545 713 3555 ,
832 3484 998 3529 laaau.
