2514 4096
409 358 661 418 ARUNDINES
690 358 804 420 OAMI.
1024 357 1081 420 157

496 652 544 716 ab
564 652 722 729 fflosonan.

175 809 297 869 SUAVIA
317 807 482 866 laudabunt
502 807 554 865 alii
574 812 704 883 myrteta
724 806 827 880 coloni,

216 908 283 978 Qua
302 907 407 965 nitidis
427 905 506 964 ridet
526 906 636 964 solibus
656 911 760 964 auctus
780 905 871 963 odor:

176 1004 281 1064 Oarior
299 1005 352 1064 illa
372 1004 447 1063 mihi
467 1005 579 1063 filicum
598 1005 677 1062 viret
697 1003 764 1061 avia
783 1003 878 1077 vallis,

216 1102 300 1160 Oelat
321 1102 375 1160 ubi
394 1102 453 1160 rivi
472 1103 549 1180 flava
569 1101 684 1179 genista
703 1101 811 1178 fugam

175 1257 278 1315 Carior
298 1255 352 1314 illa
372 1255 494 1314 humilis
513 1254 632 1313 frondet
653 1253 728 1312 mihi
748 1239 824 1312 silva
843 1255 972 1332 genistae,

215 1355 297 1425 Quas
316 1354 401 1412 bellis
422 1354 557 1425 latebras,
581 1371 653 1429 quas
673 1352 852 1428 hyacinthus
873 1359 953 1410 amat
963 1374 973 1427 3

175 1453 262 1511 Inter
282 1453 362 1511 enim
381 1453 466 1510 fiores
486 1452 561 1524 illos,
582 1452 635 1509 ubi
654 1457 760 1508 vernat
779 1450 921 1522 acanthis,

215 1551 298 1627 Saepe
319 1551 416 1609 levem
436 1550 545 1608 celerat
565 1555 666 1607 nostra
685 1548 708 1606 J
709 1569 805 1607 canna
824 1549 937 1625 pedem.

174 1703 285 1762 Rideat
306 1703 416 1761 aestivis
435 1701 590 1779 peregrina
610 1701 642 1759 in
663 1701 790 1759 vallibus
810 1721 882 1760 aura
887 1721 898 1776 3
930 1762 932 1767 ,

215 1803 314 1861 Scotia
332 1807 454 1860 ventoso
475 1801 583 1878 frigore
603 1807 703 1858 verrat
723 1820 830 1878 aquas3

175 1899 257 1958 Silva
276 1900 349 1976 quid
369 1905 421 1973 est,
444 1900 534 1957 celsas
555 1899 689 1957 redolens
709 1919 774 1976 quae
794 1900 917 1976 suspicit
935 1901 1029 1959 aedest

214 1997 323 2056 Moesta
342 1998 446 2055 domus
465 1997 551 2071 servi,
573 2003 676 2055 moesta
696 1996 799 2055 ferocis
819 1998 891 2056 heri.

173 2153 327 2211 Aurifluos
347 2151 451 2210 Scotus
470 2153 566 2210 fontes
587 2160 618 2211 et
638 2153 727 2211 odora
746 2153 850 2226 vireta,

214 2251 346 2322 Serviles,
368 2255 481 2326 spectat
500 2250 586 2307 fortis
606 2255 637 2307 et
657 2249 728 2317 odit,
749 2268 832 2326 opes;
942 2307 944 2310 .

175 2347 208 2406 It
227 2367 327 2424 vagus,
350 2348 376 2406 it
396 2348 480 2419 liber,
502 2348 600 2425 patrio
620 2367 687 2405 cum
707 2348 973 2406 flamine—vinclis

215 2444 300 2502 Solus
319 2463 401 2502 amor
420 2445 521 2522 gratis,
542 2445 603 2502 sola
622 2444 645 2502 J
646 2465 741 2503 canna
760 2450 851 2503 tenet.

878 2559 903 2600 u
919 2559 950 2602 Η.
968 2560 1000 2602 Κ.

490 2701 733 2712 -ῄῇ-

460 2906 756 2973 remuneracione.

214 3060 544 3118 Bssuasaoosumuus
565 3058 711 3118 Molossus
731 3081 798 3120 acer
818 3067 890 3136 erat,

213 3158 356 3217 Latrabat
375 3157 427 3216 ille
446 3157 573 3226 fortiter,
593 3158 619 3216 si
639 3178 705 3217 mus
725 3178 755 3216 se
776 3167 990 3220 commoveret:

213 3255 329 3332 Nequit
349 3274 438 3314 senex
457 3273 538 3312 nunc
557 3252 674 3327 latrare,
697 3262 728 3313 et
747 3257 879 3314 canicida
898 3249 1040 3316 Pontifcir

213 3354 378 3414 Damnavit
397 3353 484 3412 illum
504 3353 617 3431 laqueo,
639 3359 670 3412 et
691 3353 822 3412 Clericus
842 3360 887 3412 est
908 3356 1047 3414 carnifex.

917 3471 948 3512 Η.
964 3469 992 3510 n.
