2514 4096
371 347 633 408 ARUNDINES
654 348 768 413 CAMI..
1008 353 1044 410 15

484 629 652 708 itotopbsqt.

95 786 275 856 Qmunmnr
296 785 409 864 magica
429 807 527 845 ramos
547 786 583 845 de
604 787 696 865 stirpe
716 787 857 860 ferebant,

92 885 232 943 Floribus
252 891 284 943 et
302 886 402 943 fructu
422 886 566 962 gravidos,
590 892 621 945 εὴ
641 886 738 944 dulcia
758 885 865 962 suique

93 983 183 1041 Dona
203 984 329 1041 debant:
352 1003 479 1060 quonum
500 1003 584 1041 succo
606 982 694 1041 semel
715 1002 765 1040 ore
784 989 910 1059 recepto,

91 1082 171 1140 Visa
190 1083 292 1159 procul
312 1082 407 1158 longis
427 1082 574 1140 ineassum
594 1082 776 1140 anfraotibus
795 1082 877 1140 unda

92 1180 212 1257 Mugire
231 1180 419 1257 increpitans,
441 1186 472 1238 et
492 1199 553 1236 non
574 1198 627 1237 sue
646 1179 743 1236 litora·
754 1179 872 1256 plangi:

92 1280 135 1337 Et
156 1280 263 1351 tenuis,
285 1278 430 1336 sociorum
451 1277 558 1355 aliquis
579 1277 604 1334 si
625 1277 700 1334 sorte
720 1277 844 1349 loeutus,

92 1377 224 1435 Stridere
244 1395 312 1448 vox,
334 1375 496 1432 Lemurum
516 1373 600 1430 velut
619 1373 766 1430 imbecilla
786 1375 920 1450 querela:

93 1476 143 1548 Et,
165 1475 236 1532 lieet
254 1473 406 1544 insomnis,
429 1491 530 1529 somno
551 1471 615 1548 cogi
636 1471 726 1547 inque
745 1471 840 1548 pediri

92 1573 212 1632 Omnis:
234 1579 273 1643 et,
294 1571 404 1630 auditis
423 1570 551 1628 tremulo
571 1569 769 1626 modulamine
790 1568 880 1640 fibris,

92 1673 191 1730 Suave
211 1673 266 1729 sub
285 1676 390 1746 arguto
410 1668 554 1746 geminari
573 1672 691 1743 pectore
710 1686 853 1724 murmur.

93 1769 258 1827 Consedere
278 1786 377 1825 omnes
398 1767 435 1824 sd
455 1766 537 1823 fisvae
557 1765 630 1822 litus
651 1783 756 1836 arenae,

92 1867 133 1924 In
153 1866 249 1924 medio
269 1864 345 1923 Solis
364 1864 461 1922 radios
482 1863 633 1940 Lunaeque
653 1868 788 1935 tuentes;

92 1964 135 2021 Et
154 1963 258 2040 patriae
279 1963 380 2035 dulcis,
402 1962 567 2038 sobolisque
587 1961 706 2037 irrepsit
725 1961 822 2037 imago

92 2061 254 2133 Mentibus,
277 2066 307 2118 et
326 2046 434 2117 veteris
454 2059 555 2135 procul
576 2058 771 2138 oblectamina
791 2058 869 2115 vitae.

92 2158 194 2216 Taedio
212 2178 283 2216 mox
302 2146 432 2235 pelagus,
454 2157 529 2214 remi
549 2176 666 2234 quoque
685 2156 774 2214 taedia
794 2156 851 2214 visi

91 2258 240 2335 Ingerere,
262 2263 293 2314 et
313 2275 423 2333 spumae
444 2255 553 2313 sterilis
573 2254 759 2330 longissimus
779 2259 883 2327 aestus;

91 2354 196 2432 Atque
215 2353 323 2431 uliquis
342 2353 463 2411 tandem
485 2353 529 2410 ‘N
530 2373 568 2410 on
588 2352 714 2429 amplius
733 2351 859 2421 ibimus,'
880 2353 997 2430 inquit:

92 2451 299 2528 Continuoque
319 2470 428 2520 omnes,
450 2449 564 2527 ‘Longe
583 2469 664 2508 mare
685 2450 833 2508 clauditur
852 2449 933 2509 ultra

93 2548 218 2621 ‘Insulq
239 2553 341 2605 nostro
360 2547 480 2605 domus:
501 2566 562 2604 non
582 2547 709 2624 amplius
729 2545 854 2620 ibimus,’
876 2567 983 2606 omnes

884 2662 908 2704 C.
925 2663 958 2704 Μ.

427 2962 519 3034 Ξενία
537 2968 571 3028 tr
591 2963 719 3038 oeus,

252 3101 378 3162 Aonlrn
397 3104 517 3172 matres,
539 3099 680 3176 virgines,
700 3099 846 3176 puellulae,

288 3199 441 3275 Praecepta
460 3196 596 3256 Nestoris
615 3196 715 3273 probi:

251 3297 374 3375 Semper
393 3295 533 3367 monebit,
555 3294 635 3371 quod
655 3296 791 3354 tenebras
811 3295 920 3375 exiget,

291 3395 325 3455 si
344 3413 441 3454 cereos
461 3392 646 3471 extinguitis.
