2514 4096
356 361 616 425 ARUNDINES
640 361 753 424 OAMI.
971 363 1029 422 269

317 633 491 700 deerrarunt
510 635 575 699 haar
595 642 662 698 crta
683 634 795 716 dulps.

204 791 366 864 Nascrsrn,
388 789 468 867 Deli,
489 789 602 849 semina
621 791 702 868 quod
720 811 805 870 geras

205 890 352 949 Fcecunda
374 889 468 966 culpae
488 889 574 951 corde
594 891 649 948 sub
668 889 777 948 intimo

245 987 355 1060 Celata,
376 1007 430 1045 nec
450 1006 572 1064 germen
591 989 702 1046 morari

286 1085 393 1162 Turpe,
415 1085 480 1143 Deo
501 1085 560 1144 nisi
579 1090 611 1144 te
626 1086 762 1163 juvante,

205 1183 322 1241 Possis?
364 1181 530 1242 cruentum
550 1183 657 1261 vulgus
678 1188 708 1242 et
728 1185 854 1262 impium

206 1281 343 1359 Spernis:
364 1281 416 1342 sed
435 1281 501 1340 istis
521 1281 575 1359 qui
594 1282 699 1349 melior
718 1282 803 1356 fores,

247 1379 280 1439 Si
300 1386 333 1440 te
354 1380 555 1438 retardassent
575 1385 697 1438 euntem

288 1478 360 1536 Non
380 1498 462 1537 secus
482 1477 626 1536 illecebrae
645 1477 801 1554 potentes?

209 1575 259 1634 Sic
278 1575 350 1634 bina
370 1575 473 1635 eodem
492 1576 617 1634 fiumina
637 1575 768 1633 vidimus

208 1673 235 1732 Ε
253 1673 335 1733 fonte
355 1665 484 1752 lyrnphis
504 1674 632 1732 defluere
651 1674 783 1752 integris,

248 1769 407 1850 Longeque
427 1772 555 1830 diductis
574 1771 699 1830 subinde

289 1869 329 1926 In
348 1870 469 1948 pelagus
488 1889 645 1948 properare
664 1874 783 1928 vastum

209 1972 248 2033 Se
268 1973 391 2032 fundere
411 1975 509 2037 alveis.
551 1973 620 2033 Hoc
639 1975 832 2033 viridissimas

210 2071 315 2130 Valles
334 2092 496 2150 pererrans,
517 2072 616 2131 oscula
633 2073 749 2149 pascuis

250 2169 372 2227 Mellira
391 2169 521 2228 delibare
541 2170 650 2248 gestit:

290 2265 367 2324 (ium
386 2266 509 2324 fremitu
528 2266 674 2326 violenter
692 2266 776 2341 illud,

210 2365 345 2440 Praeceps
364 2364 402 2422 ab
422 2364 492 2422 altis
512 2364 647 2423 desiliens
663 2365 752 2444 jugis,

212 2461 380 2520 Insanienti
400 2462 533 2519 volviiur
551 2463 675 2540 impetu,

252 2558 328 2617 Mox
347 2558 449 2616 subter
469 2559 580 2618 illisum
600 2561 733 2620 cavernis

292 2655 418 2734 Stagnat
437 2656 516 2714 iners
536 2656 618 2716 lacus
637 2658 800 2717 indecorus.
841 2700 843 2703 -

841 2773 871 2814 n.
888 2774 907 2816 1.
924 2774 956 2817 n.

430 2931 666 2942 --.-—..

514 3113 615 3177 emor.

173 3259 249 3319 Huc
269 3260 427 3318 revolutus
447 3261 478 3318 et
498 3256 558 3316 huc
578 3262 722 3316 aeternum
742 3252 867 3315 circinat
887 3258 996 3330 orbem,

165 3358 248 3442 ¹Qua
269 3359 347 3417 bona
367 3362 439 3416 sunt
458 3375 583 3436 pergens
602 3374 724 3434 pergere
744 3373 855 3427 versus,
877 3354 980 3413 Amor.

799 3469 831 3512 fl.
846 3467 874 3511 A.
890 3469 914 3512 J.
930 3469 961 3513 M·
