2514 4096
414 362 670 423 ARUNDINES
695 362 806 424 OAMJ.
1050 365 1089 423 33

180 746 278 806 Nocte
297 745 383 805 velut
402 746 494 805 radiis
514 747 667 824 perfundit
688 746 818 824 Cynthia
838 747 934 822 colles,

218 844 352 905 Lucebet
371 865 453 905 roseo
473 846 542 904 telis
563 847 595 904 in
616 866 666 904 ore
686 846 794 906 Pudor.

178 945 342 1023 Integrites
363 945 416 1018 illi,
439 964 557 1022 quoquo
577 946 703 1023 vestigia
721 947 815 1019 flexit,

218 1041 350 1099 Assidua
370 1042 507 1115 haerebat,
530 1042 767 1119 simplicitasque,
790 1061 892 1102 comes.

177 1138 329 1197 Ardentes
348 1139 459 1197 frustra
473 1140 600 1216 juvenes
619 1141 653 1197 in
672 1141 797 1217 virginis
817 1161 868 1199 ora

218 1234 389 1295 Vertebant
410 1237 516 1308 oculos,
538 1237 645 1295 aemula
664 1239 761 1310 turba,
782 1240 863 1315 proci
873 1258 895 1311 3·

178 1332 289 1392 Nullus
310 1335 389 1392 enim
408 1335 516 1411 potuit,
538 1334 596 1391 nisi
616 1336 669 1411 qui
688 1337 763 1395 bene
783 1338 861 1396 fidus
881 1338 1000 1397 amabat

218 1439 386 1511 Arminius,
409 1439 547 1518 nymphae
567 1440 684 1502 flectere
704 1441 792 1500 corda
811 1462 879 1501 suae.

179 1692 235 1752 Ille
254 1692 361 1750 habuit
381 1712 487 1765 secum,
508 1693 619 1770 primos
639 1695 692 1771 qui
711 1695 813 1768 movit,
835 1715 955 1770 amores,

217 1791 288 1850 Sive
308 1792 370 1849 dies
389 1811 481 1850 verno
500 1797 633 1867 tempore
652 1791 744 1850 festus
765 1798 835 1865 erut,

179 1887 246 1948 Sive
267 1890 322 1947 sub
342 1890 477 1948 arboreas
497 1890 615 1949 frondes
635 1891 669 1947 in
689 1896 774 1966 prate
794 1890 933 1949 trahebat

215 1985 315 2044 Notus
336 1986 496 2045 Teutonico
517 1988 610 2045 saltus
629 1988 662 2044 in
683 1988 753 2046 orbe
773 1988 869 2046 choro.

177 2082 323 2143 Fasciolus
342 2085 432 2163 capiti
452 2085 534 2142 vario
554 2090 640 2161 parat
659 2084 713 2141 illa
732 2085 837 2158 colore,

215 2182 379 2240 Auricoma
399 2183 516 2258 quoties
535 2201 628 2240 messe
648 2183 774 2240 rubebat
794 2202 864 2259 ager
873 2203 883 2256 3

178 2278 234 2337 Illn
253 2279 336 2338 sedet
350 2279 449 2354 juxta,
470 2279 542 2336 dum
562 2279 653 2337 fasces
673 2280 793 2357 stringit
813 2287 935 2356 amator,

215 2377 302 2436 Neve
322 2377 406 2434 labor
425 2377 550 2454 frangat,
571 2377 679 2435 risibus
698 2377 752 2435 ille
771 2384 862 2438 vetat

176 2663 272 2741 Inque
291 2663 371 2721 vices
391 2669 527 2740 segetem,
550 2681 640 2739 quam
659 2669 801 2739 praesecat
820 2664 881 2738 ille,
902 2665 1040 2738 revincit,

213 2763 312 2839 Inque
331 2761 410 2818 vices
429 2760 536 2816 furtim
555 2760 675 2836 respicit
695 2750 746 2817 ora
765 2761 856 2836 proci,

174 2859 354 2937 Vespertina
372 2877 478 2933 parum
498 2872 641 2913 memores
661 2857 733 2914 dum
753 2857 863 2934 frigora
883 2864 1016 2936 tangant,

215 2957 255 3014 Et
273 2975 374 3014 roseus
394 2955 498 3013 coelum
517 2959 650 3031 permeet
670 2974 757 3012 omne
777 2954 864 3012 color.

174 3055 278 3113 Oenius
297 3053 438 3111 Arminio
458 3052 535 3109 nihil
555 3058 600 3110 est
621 3071 710 3130 quam
730 3051 791 3109 fida
811 3052 948 3128 Rosnlba,

212 3155 302 3212 Hanc
322 3153 458 3211 videtin
478 3152 596 3220 somnis,
616 3151 693 3208 hanc
712 3152 855 3211 redeunte
876 3153 943 3212 die:

174 3252 276 3323 Qualis
296 3253 329 3310 in
349 3252 489 3309 Arminio
509 3251 598 3310 fervit
618 3256 784 3327 teneraque·
800 3251 937 3326 Roselbs,

213 3351 338 3410 Pectora
357 3352 390 3409 in
412 3351 520 3427 Elysiis
540 3350 657 3408 sedibus
677 3350 739 3407 urit
758 3350 861 3410 Amor.
