2514 4096
490 356 748 420 ARUNDINES
772 357 888 420 OAMJ.
1105 359 1165 421 287

572 782 577 793 ’
613 807 760 884 faunus.

213 982 324 1042 ‘Nunc
342 982 422 1054 lieet,
442 1003 460 1042 ο
480 982 534 1058 fili,
553 980 624 1042 licet
644 983 797 1061 experiare
817 983 928 1045 caduca

211 1080 293 1151 Quid
311 1081 410 1140 valeat
430 1081 572 1156 Fortuna,
595 1101 701 1140 manus
721 1102 811 1160 quam
831 1083 914 1142 fluxa
933 1084 1071 1164 malignae

210 1179 347 1253 Munera,
369 1200 434 1257 quae
454 1186 556 1240 tamen
576 1186 612 1239 ut
632 1181 752 1258 rapiant
773 1182 831 1264 sibi
850 1183 975 1261 quisque
995 1184 1139 1245 laborant.

210 1278 365 1355 Quidquid
379 1280 458 1338 enim
472 1285 518 1338 est
531 1279 606 1349 auri,
620 1278 767 1357 quidquid
779 1280 847 1354 fuit,
863 1301 950 1340 omne
963 1283 1043 1360 quod
1055 1284 1135 1343 infra

209 1376 297 1435 Luna
315 1378 407 1447 videt,
427 1378 510 1437 fessis
529 1378 636 1436 animis
656 1397 730 1456 quas
749 1378 879 1438 vidimus
898 1380 960 1440 illie

208 1474 281 1533 Non
300 1475 356 1533 ulli
375 1477 475 1553 potuit
494 1476 649 1534 minimam
669 1495 790 1534 exorare
811 1477 959 1555 quietem?

210 1572 321 1650 ‘Perge
340 1573 461 1650 pre00r‚’
482 1573 523 1632 sie
542 1593 596 1632 nos
615 1574 827 1650 respondimus,
849 1575 931 1648 ‘ista
953 1577 1101 1654 magister,

209 1671 282 1741 Qua
303 1672 343 1730 sit
362 1691 454 1748 quam
472 1672 558 1729 nobis
577 1691 723 1730 memoras
744 1672 880 1731 Fortuna
899 1673 1011 1746 docete,

208 1769 320 1846 Ungue
339 1774 432 1826 tenax
451 1769 529 1826 bona
549 1769 725 1827 concludens
744 1769 901 1828 mortalia?
942 1770 989 1828 At
1008 1771 1059 1829 iile
1069 1791 1079 1845 3

210 1866 253 1924 ‘O
274 1886 365 1925 vanos
384 1866 511 1925 nimium
531 1872 562 1925 et
581 1867 708 1944 fragiles,
729 1867 849 1924 inscitia
868 1874 971 1944 peetus

209 1966 334 2024 Infinita
354 1966 463 2043 quibus
482 1967 590 2024 vexat!
632 1965 692 2024 Sed
712 1985 777 2044 quae
797 1966 876 2043 petis
894 1966 955 2024 imo

208 2065 309 2124 Cende
328 2084 442 2124 memor
460 2069 608 2141 praesepta
627 2065 734 2123 animo.
778 2064 917 2143 Namque
937 2066 990 2124 illa
1010 2086 1147 2144 suprema

208 2164 362 2234 Quidlibet
382 2182 562 2240 exsuperans
583 2162 735 2239 Sapientia
754 2164 865 2221 muenia
884 2165 949 2222 eaeli

206 2261 358 2332 AEdifiuat,
380 2260 517 2337 partique
538 2279 625 2318 suum
646 2260 699 2318 dat
718 2260 826 2338 urique
846 2261 1025 2335 ministrum,

206 2356 273 2425 Quo
294 2355 367 2413 duce
386 2373 454 2431 pars
475 2358 565 2432 queat
585 2353 648 2410 haee
667 2352 751 2409 illam
772 2353 942 2430 contingere
962 2354 1037 2426 luce,

205 2453 331 2511 Partitae
351 2453 431 2510 inter
451 2472 481 2509 se
501 2450 650 2508 radiantia
670 2451 786 2507 lumina
806 2455 927 2508 cunetae.

204 2551 282 2609 Haee
301 2551 457 2623 meditans,
479 2550 590 2608 terreni
610 2549 690 2607 orbis
711 2549 917 2625 splendoribus
939 2570 1030 2608 unam

205 2649 400 2706 Communem
421 2649 490 2706 dare
511 2647 652 2724 dignatur
673 2647 762 2705 Mens
782 2648 836 2704 illa
856 2648 1032 2721 ministram,

203 2747 347 2824 Tempore
367 2767 433 2824 quae
454 2751 535 2804 certo
555 2747 627 2803 vitae
647 2745 765 2804 falla-eia
785 2751 882 2804 mutet

203 2844 299 2916 Dona,
320 2845 418 2903 tribus
437 2843 532 2901 tribui
552 2849 588 2900 ut
609 2843 703 2915 cedat,
724 2861 817 2920 genus
838 2843 894 2900 hoe
914 2863 1008 2920 genus
1029 2843 1105 2902 illud

203 2943 353 3020 Excipiet,
373 2942 451 3000 ratio
472 2940 521 2998 eui
540 2941 624 2998 nulla
645 2941 785 3000 obsistere
806 2942 865 3017 legi

202 3041 397 3116 Terrigenum
416 3039 506 3097 valet.
553 3039 637 3097 Hine
657 3039 737 3096 eadit
757 3039 827 3112 haee,
854 3040 934 3097 subit
955 3040 1008 3098 illa
1028 3041 1158 3099 vicissim

203 3139 302 3215 Stirps
321 3137 485 3210 hominum,
506 3157 627 3195 servans
648 3138 774 3194 dominae
795 3138 939 3195 mandata
958 3139 1090 3214 potentis

201 3235 366 3293 AEternum
375 3255 385 3309 ,·
406 3240 507 3293 tamen
528 3235 582 3292 illa
602 3235 706 3304 latent,
727 3236 811 3294 velut
832 3236 937 3313 anguis
957 3237 990 3293 in
1010 3236 1119 3294 herba'

1010 3351 1036 3392 11
1053 3351 1074 3392 s
