2514 4096
376 353 638 415 ARUNDINES
664 353 779 419 OAMI.
1002 357 1059 424 177

471 634 519 699 ab
539 634 695 699 ettotam.

136 784 174 825 tu
193 767 268 825 rude
287 786 408 826 carmen
428 767 527 840 habes,
543 767 588 824 ita
601 772 674 824 sunt
695 766 759 826 sine
779 764 925 845 Apolline
946 787 1057 842 versus,

185 863 333 922 Pertaesus
353 863 474 922 auditor
494 868 604 941 crepat,

136 962 152 1020 't
172 981 233 1018 non
252 961 419 1020 Arcadicos
439 961 578 1019 videatur
598 960 724 1037 psallere
744 966 854 1039 pastor,
924 969 926 972 '

186 1059 305 1136 Mugira
326 1059 377 1118 sed
398 1059 499 1118 credas
519 1059 616 1117 boves

460 1320 708 1330 -——-—-—-.

409 1521 600 1584 &acutorum
620 1521 757 1587 Deiectio.

268 1653 481 1711 Oancunoaun
502 1652 649 1730 quidquid
669 1660 741 1727 erat,
763 1660 843 1715 tacet
848 1674 858 1730 3

265 1751 330 1810 Neo'
349 1750 554 1808 fraudulentas
573 1770 726 1810 murmure
743 1751 860 1812 dissono

306 1849 445 1907 Effundit
465 1849 602 1925 ambages
623 1849 758 1908 sacerdos

346 1946 406 2004 Per
425 1947 532 2023 magici
553 1946 694 2022 laqueare
713 1948 835 2024 templi:

266 2044 442 2120 sanctisque
463 2048 580 2101 sanctas
601 2044 699 2102 incola
720 2044 851 2121 Pythius

266 2140 419 2199 Dedoctus
439 2146 518 2198 artes
539 2142 661 2199 tandem
681 2143 780 2219 adytis
800 2144 876 2218 silet,

307 2238 442 2296 Tandem
462 2239 525 2315 ipse
546 2238 733 2315 Delphorum
753 2243 896 2319 supinam
1001 2292 1005 2298 .

350 2335 500 2394 Destituit
520 2336 724 2412 gemebundus
744 2357 850 2400 arcem.

270 2431 336 2491 Neo
356 2433 496 2491 fabulosae
517 2435 614 2492 noctis
633 2434 786 2513 imagines,

268 2531 300 2591 N
302 2551 334 2590 eo
355 2531 472 2590 elocuto
492 2551 648 2591 murmura
667 2533 812 2611 Apolline

310 2629 446 2687 Mentem
467 2631 652 2706 pavescentis
672 2633 804 2690 ministri

349 2724 494 2786 Fatidicis
515 2729 658 2805 quatiunt
679 2731 716 2787 ab
736 2731 840 2791 antris.

269 2823 315 2882 Ac
335 2843 412 2900 saepe
431 2824 520 2882 fletus
539 2826 692 2884 montibus
712 2826 811 2900 inviis,

269 2921 315 2978 At
335 2921 438 2978 erebra
458 2941 548 2979 1auoo
568 2921 655 2980 litora
675 2929 836 2998 personant

309 3017 457 3076 Lamenta
462 3037 472 3092 3
493 3018 558 3077 fons
579 3025 739 3097 utcunque,
762 3020 867 3079 Fauno

329 3115 456 3190 Dxule,
478 3118 664 3196 populeaque
685 3118 762 3177 silva

268 3211 422 3270 Praetexta
441 3213 529 3272 vallis
549 3233 610 3272 non
630 3215 695 3273 sine
714 3214 883 3292 planctibus

267 3309 475 3388 Linquuntur3
495 3312 666 3388 umbraeque
684 3312 837 3390 implicita
858 3313 956 3392 Dryas

308 3408 478 3486 conquesta
496 3408 641 3468 sublustri
661 3430 777 3470 recessu

347 3507 446 3568 Scissa
464 3508 547 3567 sedet
567 3509 650 3568 vario
671 3509 815 3588 capillum
