2514 4096
360 353 616 416 ARUNDINES
640 353 755 416 ostri.

371 682 374 689 ’
459 718 507 783 su
526 717 667 782 ammo.

167 877 264 936 Drxr1
282 874 361 936 heu!
389 876 490 935 omnia
510 894 588 944 vera,
608 876 652 934 mi
672 872 792 933 sodalis!

161 975 363 1036 Bacchanalia
382 981 485 1032 nostra
505 973 673 1046 terminavi,

169 1074 246 1132 Oum
264 1074 335 1131 vino
356 1078 387 1131 et
406 1072 467 1130 sale
488 1077 519 1145 et
539 1072 676 1130 omnibus
696 1069 856 1130 cachinnis.

168 1171 297 1244 Fervens
317 1170 369 1230 ille
388 1171 476 1247 lepos,
499 1169 652 1247 fluensque
669 1169 783 1243 vinum,

169 1267 271 1328 Mollis
291 1269 432 1330 circuitus
451 1268 634 1341 facetiarum,

169 1369 210 1428 Et
229 1370 306 1428 risus
325 1369 442 1442 hilares,
460 1369 581 1446 jocique
601 1367 689 1440 belli;

169 1468 244 1543 Imo,
266 1468 361 1526 omnis
380 1488 521 1545 generosa
540 1468 586 1526 vis
606 1467 697 1544 Lyaei,

171 1566 230 1625 Seu
251 1566 324 1644 quid
344 1569 465 1626 suavius
485 1566 709 1644 elegantiusque
730 1570 784 1640 est,

171 1664 258 1734 Quod
278 1665 370 1722 vivax
390 1664 474 1722 dedit
493 1684 554 1722 uva
574 1663 726 1721 dissolutis
732 1682 761 1763 3·

171 1760 282 1830 Quales
301 1761 462 1819 blanditias
482 1760 566 1838 prius
585 1761 731 1837 putabam

171 1857 297 1916 Orturas
316 1859 409 1936 magis
429 1859 463 1916 in
483 1859 545 1917 dies
566 1864 598 1916 et
618 1858 712 1931 horas,

170 1954 238 2013 Aut
257 1961 327 2014 anto
347 1957 459 2033 expetii
478 1957 548 2033 ipse,
572 1975 662 2033 quam
682 1954 821 2032 perirent,

172 2054 318 2113 Convivas
338 2074 512 2112 numerarer
531 2054 610 2112 inter
631 2053 717 2127 Orci;

172 2151 288 2210 Ouncta
307 2151 369 2209 haec
389 2152 535 2210 illecebris
556 2157 664 2224 carent,
685 2171 740 2211 nec
760 2151 826 2210 udae

172 2248 342 2306 Incendunt
362 2249 468 2307 animae
489 2251 717 2327 protervitatem
728 2271 737 2325 3

173 2347 231 2406 Sed
250 2346 313 2404 sive
333 2347 550 2425 Euphrosynen
569 2354 638 2424 peto
654 2348 792 2424 jocosam,

172 2446 244 2504 Non
263 2445 342 2503 inter
362 2447 473 2518 calices,
495 2452 531 2505 ut
551 2453 629 2520 ante,
652 2446 731 2504 ridet
737 2466 747 2519 ;

173 2542 239 2601 Nec
259 2543 285 2600 si
306 2541 385 2600 Oura
405 2543 502 2600 sinum
523 2545 653 2620 maligna
672 2549 801 2620 torquet,

173 2639 337 2716 Mergenda
356 2645 402 2698 est
422 2641 522 2715 cyathi
543 2641 681 2698 scatentis
702 2646 782 2698 aestu.

173 2738 289 2796 Actum
309 2743 369 2797 est:
397 2738 558 2797 desinimus
578 2739 652 2797 levis
668 2739 809 2816 juventae,

174 2835 291 2893 Vatum
312 2840 343 2893 et
364 2835 482 2894 delicias
503 2837 679 2910 inaniorum,

173 2931 228 2989 Ah
248 2952 337 3009 quam
358 2933 471 2991 somnia
490 2939 583 3010 grata,
605 2934 764 2992 somniare!

175 3028 201 3086 0
222 3028 324 3087 dulces
345 3029 454 3103 aditus,
477 3031 539 3088 dies
559 3031 677 3104 amoeni,

174 3126 286 3185 Noctes
306 3127 438 3200 aureolae,
460 3129 535 3186 mihi
554 3130 667 3202 valete,

176 3224 276 3294 Quum
296 3225 405 3282 festum
426 3225 485 3283 fuit
506 3245 592 3285 omne
613 3227 812 3303 liberumque3

176 3320 303 3390 Quando
322 3322 419 3380 infans
440 3342 523 3381 amor
542 3324 616 3381 arsit
635 3325 668 3382 in
688 3325 832 3397 medullis,

175 3417 282 3477 Juncti
301 3420 458 3480 foederibus
477 3422 535 3500 piis
554 3422 648 3497 amici,

975 333 1046 415 321'
