2514 4096
371 347 633 408 ARUNDINES
656 347 767 410 OAMI.
987 353 1045 411 115

465 633 513 698 at
532 631 674 696 stultum.

216 763 312 833 Quom
329 763 490 836 natalibus,
513 762 539 821 O
560 764 645 820 beate
667 762 760 834 Sexti,

215 862 287 920 Tuis
307 861 456 919 adfuimus
476 865 594 919 caterva
614 861 755 937 gaudens,

214 959 331 1037 Vagitu
351 959 463 1016 resonis
483 963 632 1034 strepente
652 957 744 1029 cunis,

215 1055 255 1114 In
275 1056 368 1113 risum
389 1055 493 1112 domus
513 1055 607 1112 omnis
628 1061 673 1112 est
695 1054 800 1112 soluta

216 1152 296 1210 Talis
316 1155 385 1211 vive
404 1171 516 1229 precor,
538 1151 624 1210 beate
645 1150 740 1218 Sexti,

215 1250 262 1308 Ut
282 1250 393 1308 circum
414 1250 639 1307 lacrimantibus
658 1249 841 1326 propinquis,

215 1347 291 1406 Oum
312 1367 390 1406 mors
410 1348 566 1406 immineat
586 1353 651 1405 toro
671 1347 814 1416 cubantis,

215 1443 301 1503 Solus
321 1464 382 1502 non
402 1445 460 1503 alio
481 1445 580 1504 fruare
600 1444 669 1502 risu

793 1556 960 1600 maun

449 1692 697 1701 ———

165 1856 250 1914 modo
270 1860 438 1933 susceptum
458 1855 576 1932 genitor
595 1858 768 1934 nudumque
788 1862 916 1935 tenebat,

146 1952 283 2012 intererat
302 1953 429 2010 lacrimis
449 1952 558 2010 blanda
578 1972 685 2012 corona
705 1957 785 2015 tuis:

146 2057 155 2109 t
176 2053 220 2109 ita
240 2051 286 2109 fao
307 2051 397 2123 vivas,
421 2056 457 2108 ut
478 2070 547 2108 cum
567 2071 654 2128 sopor
673 2053 799 2112 ultimus
819 2062 912 2133 urget,

146 2148 289 2207 l'lentibus
308 2148 436 2220 intersis,
457 2166 512 2205 nec
533 2153 635 2213 tamen
656 2148 719 2227 ipse
739 2149 820 2209 fleas.

842 2265 957 2308 aaa

437 2403 680 2412 ..----,-

435 2573 491 2643 3122
509 2571 573 2652 quit
591 2572 686 2639 ulula

173 2706 212 2764 Iu
231 2725 350 2764 nemore
369 2705 506 2764 umbroso
526 2705 642 2783 Phyllis
663 2725 729 2764 mea
748 2706 824 2765 forte
846 2707 974 2781 sedebat,

214 2804 271 2862 Oui
290 2804 409 2862 mollem
427 2805 564 2863 exhausit
584 2805 674 2864 tussis
693 2804 799 2862 anhela
822 2806 941 2880 sinum,·

173 2901 238 2961 Nec
259 2921 361 2960 mora:
389 2900 426 2959 de
450 2901 546 2960 loculo
570 2901 737 2978 deprompsi
757 2901 870 2979 pyxide
890 2902 972 2976 laevo,

213 2998 427 3077 Ipccacuaneos
438 2999 627 3076 ‘exhibuique
648 2999 775 3058 trochos.

173 3095 233 3154 Illa
253 3096 373 3174 quidem
396 3097 567 3175 imprudens
589 3098 747 3156 medicatos
767 3097 876 3155 leniter
895 3098 979 3157 orbes

213 3194 373 3271 Absorpsit
394 3213 517 3252 numero
536 3194 639 3272 bisque
659 3198 821 3271 quaterque
841 3195 939 3254 decem
945 3217 956 3271 ς

173 3291 251 3350 Tum
268 3297 371 3351 tenero
392 3291 501 3350 ducens
522 3292 648 3369 suspiria
665 3298 790 3369 pectore,
813 3293 893 3352 dixit
902 3314 912 3368 ;

215 3390 346 3470 ‘Thprsi
369 3390 443 3450 mihi
464 3391 647 3450 stomachum
668 3410 777 3452 nausea
798 3392 895 3450 tristis
915 3392 1022 3453 hahet’

886 3505 908 3548 8.
928 3507 954 3550 Β.

912 3752 991 3814 8-2
