2514 4096
229 343 260 400 vi
587 340 770 400 LECTORI
790 340 820 400 S.

229 603 321 661 visin
334 604 557 681 interpretando
572 605 759 682 postuletur3
781 623 840 680 quo
856 603 923 680 plus
943 602 1081 680 exigatur
1100 601 1181 660 calli-

229 709 332 767 ditatis
348 710 382 766 in
398 709 539 768 electione
559 729 593 768 ac
614 709 831 768 constructione
851 709 1010 766 verborum
1019 727 1029 781 3
1050 726 1109 783 quo
1129 727 1181 765 ex-

228 816 366 892 quisitior
389 823 489 894 pateat
513 818 654 876 doctrinae
679 817 862 876 concinnitas
881 816 915 874 in
934 816 1180 874 accommodando

227 923 335 1001 linguae
349 923 485 981 obsoletae
499 943 560 981 non
573 942 627 982 sua
641 921 782 998 ἰδιώματι

288 1027 359 1085 Jam
381 1047 452 1085 vero
475 1028 594 1086 veniam
618 1027 701 1085 dabit
727 1027 839 1086 Censor
864 1027 993 1100 criticus,
1022 1028 1048 1084 ei
1074 1027 1180 1085 scriem

226 1139 317 1212 atque
332 1134 505 1211 juncturam
527 1134 624 1212 operis
647 1133 789 1192 levissimi
815 1134 941 1192 facetam
968 1133 1062 1208 magis
1089 1152 1181 1209 quam

226 1241 399 1318 legitimam,
426 1261 560 1299 meorum
583 1240 703 1312 arbiter,
732 1239 807 1297 mihi
834 1259 1019 1323 proposuero.
1063 1239 1181 1316 Quippe

227 1348 397 1406 meminerit
411 1349 498 1420 idem,
513 1347 539 1405 si

389 1470 516 1520 Illecebris
532 1469 597 1519 foret
613 1472 639 1518 et
654 1472 727 1533 grata
741 1468 854 1517 novitate
870 1467 1005 1516 morandus

392 1553 530 1617 Spectator,

230 1667 329 1720 tamen
343 1681 404 1719 non
417 1678 465 1718 me
479 1660 604 1718 oblitum
618 1660 707 1717 fuisse

392 1783 429 1832 ita
445 1787 540 1832 vertere
556 1783 620 1831 neria
636 1781 703 1842 ludo,

228 1897 264 1951 ut
277 1892 311 1949 in
325 1891 451 1950 alteram
464 1896 579 1968 partem
592 1889 687 1947 libelli
701 1888 801 1946 omnia
813 1907 895 1946 saera
907 1905 961 1964 per
971 1907 1002 1946 se
1012 1891 1183 1944 reverenter

229 2004 328 2057 essent
341 1999 469 2076 seposita
482 2003 572 2074 atque
586 1996 753 2054 distributa

290 2103 406 2162 Utrum
418 2103 544 2162 feliciter
557 2122 650 2161 necne
663 2101 762 2160 conati
776 2101 867 2158 simus
877 2099 1086 2156 monachorum
1099 2099 1183 2174 hym-

228 2228 282 2267 nos
295 2208 477 2285 rhythmicos
490 2208 611 2280 imitari,
621 2207 759 2284 judicent
772 2206 838 2264 alii:
853 2211 948 2262 unuin
961 2205 993 2262 id
1006 2205 1039 2262 in
1052 2204 1183 2262 hocloco

223 2313 294 2389 jure
307 2313 514 2383 lamentamur,
529 2311 609 2388 quod
622 2311 681 2368 ista
695 2310 804 2386 species
817 2310 991 2382 carminum,
1009 2314 1073 2367 tam
1091 2315 1180 2382 casta,

228 2423 292 2475 tam
304 2417 415 2493 pulcra,
430 2421 493 2472 tam
506 2398 594 2492 plena
607 2414 829 2472 exercitationis
842 2415 963 2487 idoneae,
980 2434 1048 2472 cum
1062 2415 1094 2472 in
1104 2415 1184 2473 ludis

229 2520 363 2598 publicis,
384 2525 452 2578 tum
471 2520 551 2598 apud
571 2519 765 2614 flcadcmicos
785 2525 909 2594 nostros,
933 2520 1054 2598 penitus
1075 2522 1184 2579 omissa

229 2647 291 2686 esse
318 2628 463 2686 videatur.
507 2627 581 2698 Quis
608 2632 709 2686 autem
735 2627 853 2704 ignorat
881 2648 971 2705 quam
999 2629 1114 2705 egregia
1144 2630 1185 2686 sit

228 2736 316 2794 hodie
340 2737 378 2795 ad
402 2737 551 2795 versiones
575 2755 671 2794 sacras
695 2736 911 2813 opportunitas,
936 2756 989 2794 seu
1012 2737 1079 2812 quis
1102 2736 1185 2794 illius

228 2845 331 2922 ‘Lyrae
346 2841 544 2922 Apostolicae'
559 2843 610 2913 fila
623 2843 759 2914 solicitet,
773 2844 836 2903 sive
852 2845 930 2903 circa
950 2845 1078 2902 daedalos
1098 2845 1185 2902 flores

229 2953 332 3010 ‘Anni
348 2950 527 3010 Christiani'
542 2950 708 3009 fundantur
720 2958 877 3028 poctarum
891 2951 1048 3010 examinat

291 3057 398 3135 Neque
425 3057 496 3115 huic
523 3056 665 3134 prooemio
691 3063 762 3116 ante
788 3058 883 3115 aulaea
909 3057 1063 3128 tollantur,
1094 3076 1185 3133 quam

226 3163 414 3240 adjutoribus
428 3162 509 3234 meis,
525 3180 653 3238 quorum
666 3161 723 3219 erit
737 3161 833 3219 omnis
845 3160 919 3231 laus,
935 3160 960 3217 si
975 3159 1048 3236 quid
1064 3162 1185 3220 suavius

227 3274 282 3328 aut
305 3268 469 3346 elegantius
493 3268 526 3325 in
547 3267 734 3345 Anthologia
756 3272 859 3325 nostra
886 3267 1008 3337 eniteat,
1039 3268 1186 3326 maximas

228 3376 340 3452 gratias
374 3373 547 3451 persolvam.
591 3374 688 3450 Inque
722 3373 760 3431 iis
794 3374 959 3450 praesertim
995 3371 1188 3436 ἀκολακεύτως

228 3499 353 3557 agnosco
376 3479 451 3561 quid
474 3499 528 3558 ego
552 3479 675 3538 debeam
698 3478 856 3537 Francisco
879 3478 1035 3558 Hodgson,
1062 3478 1187 3556 collegii
