2514 4096
370 350 631 410 ABUNDINES
652 351 767 412 OAMI.
1005 353 1042 411 59

174 589 223 647 Ne
243 594 279 646 tu
298 587 397 645 felices
417 585 539 658 animas,
560 586 645 662 queis
665 585 766 644 vivere
786 585 873 644 dulce
893 591 946 660 est,

175 685 346 762 Praeripies:
367 684 443 742 hanc
463 685 565 742 invisae
585 684 661 740 milii
681 683 818 760 lampada
837 685 909 742 vitre

176 784 276 842 Gonde
296 783 457 841 tenebrosae
477 781 632 840 involvens
653 781 776 859 caligine
796 781 898 840 noctis.

176 881 272 939 Ocrde
291 881 344 938 diu
364 881 484 956 penitus
503 885 534 936 te
554 898 722 956 persensere
741 885 930 955 receptam-

175 977 284 1037 Pressa¹
299 978 339 1035 sit
358 977 439 1035 lmud
458 976 517 1034 alio
538 996 711 1054 componere
731 976 845 1034 lumina
865 977 932 1036 leto·

216 1277 426 1349 “Extremam,
467 1274 613 1354 genetrix,
654 1293 733 1332 mors
772 1274 903 1346 advenit,
946 1274 1043 1349 accipe

273 1393 383 1432 vocem.

174 1470 245 1529 Non
265 1490 319 1548 ego
340 1470 474 1528 Lethaeas
494 1469 544 1527 ibo
564 1468 738 1527 incomitata
758 1489 811 1545 per
831 1468 933 1526 undas

174 1568 313 1645 Namque
332 1569 414 1642 mihi,
435 1569 550 1626 arcanis
570 1569 596 1626 si
616 1569 734 1644 quando
755 1568 893 1625 oriuntur
912 1567 1015 1623 inanes

175 1666 338 1738 Montibus,
360 1672 397 1723 ut
416 1685 516 1742 pressa
536 1666 568 1723 in
588 1666 711 1723 tacitam
730 1665 855 1741 vestigia
875 1665 982 1735 lanam,

178 1763 277 1822 Nocte
297 1764 370 1836 soni,
391 1764 487 1821 fervet
508 1763 592 1820 dubii
612 1782 695 1820 mens
715 1763 834 1838 praescia
853 1761 916 1818 fati.

174 1860 318 1939 Auguror
337 1862 484 1919 incertum
504 1861 626 1932 facinus
650 1878 703 1917 ceu
723 1859 839 1916 conscia
859 1864 954 1915 mater

174 1959 250 2017 Visa
269 1959 326 2016 sibi
344 1959 454 2035 ignotae
474 1958 599 2015 formam
620 1976 798 2034 praenoscere
818 1956 923 2032 prolis:

175 2057 264 2116 —Ut
278 2057 350 2128 dixi,
366 2062 402 2114 ut
415 2057 538 2115 tremui!
581 2055 629 2114 Ne
650 2057 691 2114 sit
710 2054 864 2132 peperisse,
885 2062 1045 2130 paternum

175 2154 235 2226 Qui
254 2154 363 2212 referet
382 2153 556 2212 vena'male
576 2158 665 2210 natus
683 2152 811 2230 imagine
830 2152 963 2210 vultum!

213 2443 423 2517 “Extremcm,
465 2442 610 2524 genetrix,
651 2462 731 2502 mors
771 2443 902 2516 advenit,
944 2444 1044 2520 accipe

276 2562 386 2602 vocem.

175 2639 266 2698 Terra
285 2639 376 2698 eheul
418 2638 536 2717 Stygias
555 2660 617 2698 non
636 2640 686 2697 ibo
706 2637 767 2697 sola
786 2659 840 2716 per
859 2638 961 2711 undas
983 2631 985 2637 ’

174 2738 259 2796 Neve
278 2738 362 2805 mihi,
383 2736 486 2815 gelidae
507 2738 662 2796 tenebroso
682 2737 716 2794 in
736 2737 857 2794 tramite
877 2735 990 2804 mortis,

175 2836 295 2913 Arguto
316 2834 453 2905 illudent,
473 2836 556 2893 nullo
578 2834 727 2905 solamine,
749 2834 821 2906 risu,

175 2933 339 3010 Linquenti
361 2942 475 2993 veteres
496 2934 586 2991 Graia
606 2952 675 2990 cum
695 2930 799 3009 pellice
819 2948 940 2987 amores.

175 3030 263 3108 Troje
281 3032 357 3088 milii
377 3032 541 3108 quaerenda,
584 3030 686 3088 Velim
707 3028 896 3106 surgentibus
916 3027 1005 3085 astris

175 3127 368 3186 cassandram
388 3129 488 3186 afferi:
510 3129 559 3186 cui
577 3127 709 3185 volvitur
729 3127 816 3204 ignee
836 3145 950 3201 semper

173 3227 256 3286 Ante
276 3227 376 3286 oculos
396 3228 512 3305 species,
535 3231 621 3285 sonet
640 3225 804 3284 indefessus
824 3222 858 3280 in
878 3240 964 3281 eures

173 3322 282 3382 Nescio
302 3325 370 3402 quis
388 3326 460 3384 belli
480 3325 609 3402 clangor.
650 3323 731 3380 Mihi
750 3328 837 3380 nocte
858 3322 964 3398 dieque

174 3421 293 3481 Ardent
312 3429 462 3501 perpetues
482 3428 592 3481 terram
612 3441 665 3500 per
685 3427 716 3480 et
736 3421 847 3479 aethera
866 3416 1016 3478 flammee.'’

936 3549 962 3590 L.
